3242 4867
772 1176 826 1252 IL

452 1358 529 1459 De
565 1359 715 1462 choro
751 1360 1141 1464 Ecclesiazuson.

270 1597 360 1664 Cum
383 1598 478 1673 bello
495 1598 800 1684 Peloponnesiaco
817 1622 903 1686 opes
919 1610 953 1666 et
968 1601 1130 1665 fortunae
1146 1596 1418 1663 Atheniensium

183 1699 231 1765 ita
261 1710 378 1766 essent
401 1711 631 1786 consumptae
654 1712 760 1787 atque
783 1704 993 1782 exhaustae,
1026 1710 1082 1780 ut,
1114 1699 1289 1786 quidquid
1311 1701 1419 1766 facul-

182 1811 292 1867 tatum
322 1813 505 1887 supererat
534 1801 689 1884 civibus‚
721 1805 766 1869 ad
789 1804 841 1871 rei
864 1804 1029 1890 publicae
1052 1825 1262 1889 compagem
1284 1813 1419 1869 susten·

181 1906 324 1969 tandam
347 1904 405 1970 vix
426 1906 610 1986 sufficeret,
633 1929 706 1972 non
729 1917 867 1993 poterat
889 1906 974 1987 fieri,
998 1905 1084 1992 quin
1108 1905 1176 1973 illis
1200 1904 1420 1992 potissimum

184 2006 384 2094 sumptibus
406 2008 588 2074 studerent
610 2009 796 2090 moderari,
830 2009 892 2095 qui
914 2033 987 2076 non
1010 2009 1422 2095 imponebanturneces-

190 2109 303 2190 sitate,
331 2111 395 2176 sed
417 2111 523 2177 rebus
546 2113 725 2196 quondam
748 2111 1003 2179 florentissimis
1026 2122 1126 2178 erant
1148 2111 1281 2177 inventi
1304 2112 1348 2177 ad
1372 2110 1422 2176 vi·

182 2223 253 2279 tam
283 2211 501 2279 humanitate
532 2224 566 2280 et
597 2213 815 2281 iucunditate
839 2215 1089 2282 instruendam.
1136 2215 1259 2299 Itaque
1282 2225 1418 2279 tantum

182 2318 314 2397 aberat,
346 2326 385 2381 ut
407 2316 534 2381 artium
556 2316 753 2383 liberalium
776 2317 903 2398 studia,
938 2339 1029 2402 quae
1053 2316 1198 2384 Periclis
1222 2315 1420 2402 patrocinio

184 2420 228 2484 ad
251 2441 425 2485 summum
449 2422 617 2504 provecta
639 2419 821 2505 fastigium
845 2419 982 2487 diutino
1005 2442 1180 2485 armorum
1198 2420 1346 2505 strepitu
1361 2442 1420 2486 ne·

186 2521 303 2606 glecta
326 2520 517 2602 iacuerant,
541 2543 630 2608 pace
652 2523 744 2589 facta
767 2522 803 2588 in
820 2522 1006 2609 pristinum
1022 2522 1138 2588 locum
1154 2521 1420 2588 restituerentur

179 2634 561 2711 ‚monumentorumque
591 2624 700 2692 series
732 2628 777 2692 ab
809 2625 870 2692 illo
904 2625 1069 2692 incohata
1099 2623 1201 2690 novis
1229 2634 1420 2710 augeretur

184 2726 361 2813 operibus,
393 2737 431 2793 ut
454 2749 499 2794 ne
521 2727 612 2794 muri
635 2727 789 2815 quidem,
820 2728 856 2795 in
879 2728 1008 2815 quibus
1030 2728 1125 2794 salus
1149 2737 1182 2793 et
1205 2725 1419 2813 praesidium

183 2829 279 2897 urbis
302 2841 402 2897 erant
425 2829 548 2917 posita,
573 2830 844 2898 Atheniensium
860 2831 1021 2918 pecuniis
1044 2829 1319 2898 restituerentur.
1366 2829 1421 2896 Ac

182 2955 228 3000 ne
258 2932 294 2999 in
325 2932 466 3019 templis
496 2933 639 3019 quidem
670 2933 898 3020 delubrisque
932 2936 1078 3001 deorum
1109 2932 1268 2999 colendis
1302 2955 1422 2999 curam

184 3045 218 3101 et
254 3035 474 3121 diligentiam
512 3036 618 3121 paulo
658 3035 826 3102 maiorem
856 3035 985 3102 licebat
1019 3034 1087 3101 illis
1119 3056 1344 3115 consumere,
1383 3045 1422 3099 ut

184 3138 419 3204 Erechtheum
442 3160 485 3204 ex
514 3148 613 3224 parte
636 3136 801 3204 incendio
825 3137 979 3204 deletum
1002 3134 1219 3222 aliquamdiu
1244 3135 1420 3222 relinque·

183 3250 278 3305 retur
299 3239 556 3322 semiustumll.
603 3240 719 3324 Quam
743 3241 788 3305 ob
811 3262 885 3306 rem
908 3262 981 3306 non
1004 3249 1058 3306 est
1083 3237 1290 3318 mirandum,
1323 3239 1419 3323 quod

182 3341 286 3409 etiam
317 3365 525 3429 pomparum
548 3343 783 3429 ludorumque
805 3330 1315 3427 sollemniummagnificentia
1339 3362 1418 3407 eva·

183 3445 268 3512 nuit.
315 3447 407 3512 Nam
429 3445 525 3512 cives
549 3444 761 3512 deficiebant
775 3448 805 3529 2)
828 3446 1014 3512 facultates
1033 3446 1078 3511 ad
1093 3455 1299 3530 sumptuosa
1313 3446 1342 3528 8)
1359 3442 1420 3510 illa

183 3547 297 3615 officia
320 3549 549 3634 praestanda,
584 3570 676 3635 quae
698 3547 922 3635 pertinebant
944 3549 989 3614 ad
1013 3548 1178 3615 Semeles>
1194 3546 1304 3612 filium
1327 3545 1420 3629 ludis

182 3649 355 3719 scaenicis
378 3652 636 3718 celebrandum.
683 3653 830 3719 Etcum
854 3673 1038 3718 munerum
1061 3649 1284 3717 theatralium
1307 3648 1344 3715 in
1365 3671 1419 3715 or-

183 3753 301 3821 dinem
340 3753 376 3819 id
407 3765 499 3822 esset
530 3754 652 3822 ultimo
682 3755 760 3822 loco
792 3765 991 3841 receptum,
1033 3754 1129 3839 quod
1158 3754 1342 3840 spectabat
1374 3752 1419 3816 ad

183 3860 312 3925 choros
335 3855 480 3924 comicis
503 3856 615 3943 poetis
640 3859 863 3944 praebendos
877 3859 918 3941 ⁴),
941 3855 1046 3923 facile
1069 3854 1286 3940 intellegitur
1302 3853 1422 3939 ingra-

254 4043 280 4111 1)
299 4041 340 4098 cf.
361 4041 555 4098 Wachsmuthii
572 4044 682 4100 librum:
716 4045 758 4099 De
775 4045 841 4100 urbe
858 4043 1062 4099 Atheniensium
1081 4043 1192 4113 antiquo
1208 4060 1236 4113 p.
1255 4040 1315 4096 578.

251 4127 279 4193 2)
298 4127 339 4184 Cf.
357 4128 510 4184 Platonium
527 4130 585 4194 περὶ
602 4132 730 4198 διαφορᾶς
747 4132 892 4198 κωμῳδιῶν
911 4130 926 4200 ξ
945 4132 961 4184 'l
977 4128 1076 4198 Bergk.

249 4214 277 4282 3)
295 4212 336 4269 Of.
356 4214 451 4286 Lysiae
469 4216 536 4269 orat.
555 4214 625 4269 XXL
643 4216 660 4270 4
678 4218 706 4270 et
717 4216 881 4272 Boeolrhium
900 4215 933 4270 de
951 4231 1043 4270 oecon.
1057 4214 1133 4284 publ.
1147 4213 1247 4269 civitat.
1261 4212 1419 4267 Atheniens.

181 4298 246 4354 edit.
265 4301 328 4354 tert.
348 4300 401 4355 vol.
420 4299 441 4366 1,
458 4317 485 4371 p.
505 4299 556 4355 539
574 4314 633 4370 sqq.
652 4318 680 4370 p.
700 4301 760 4356 544.

250 4386 277 4452 4)
295 4384 335 4441 dt.
353 4385 465 4441 Aristot.
484 4387 561 4441 Poet.
581 4403 608 4456 p.
629 4386 696 4443 1449
712 4386 763 4444 B.:
781 4387 826 4439 καὶ
845 4385 895 4455 γὰρ
913 4386 988 4460 χορὸν
1006 4385 1141 4457 κωμῳδῶν
1161 4380 1212 4447 ὀψέ
1229 4401 1289 4436 ποτε
1307 4376 1421 4453 ὄᾶρχων

181 4469 287 4540 ἔδωκεν,
308 4468 364 4525 ἀλλ’
384 4471 514 4528 ἐθελονταὶ
530 4461 607 4544 ἦσαν.
