3242 4867
570 923 793 998 Sententiae
820 887 1112 997 controversae.

822 1093 847 1159 l.

303 1213 528 1301 Quamquam
550 1236 622 1280 non
646 1224 794 1301 possunt
817 1212 970 1300 probari,
1002 1234 1094 1299 quae
1117 1213 1161 1279 de
1186 1211 1290 1279 Pacis
1314 1209 1449 1278 Aristo·

217 1317 376 1401 phaneae
406 1316 441 1383 vi
471 1329 505 1383 et
535 1317 683 1384 consilio
714 1316 861 1404 protulit
883 1315 1112 1396 Zielinskius,
1145 1315 1221 1381 iure
1249 1326 1366 1380 tamen
1391 1313 1450 1379 ille

215 1439 287 1484 non
320 1418 491 1503 priorem,
525 1420 587 1486 sed
617 1419 762 1486 alteram
786 1418 890 1486 Pacis
913 1417 1132 1484 comoediam
1155 1428 1305 1484 aetatem
1327 1415 1450 1483 tulisse

215 1519 344 1587 statuit.
391 1521 444 1587 Cf.
469 1523 513 1588 de
536 1521 650 1607 partit.
674 1522 832 1589 comoed.
858 1519 963 1587 Attic.
987 1532 1057 1587 ant
1081 1543 1115 1606 p.
1138 1519 1179 1602 63
1202 1542 1278 1606 sqq.

809 1710 853 1775 ΙΙ.

305 1829 345 1895 In
375 1828 555 1916 Lysistrat.
589 1829 769 1917 Aristoph.
801 1852 833 1895 v.
866 1828 927 1911 563
957 1850 1029 1895 non
1060 1824 1170 1914 ἕτερος
1199 1824 1234 1893 δ’
1273 1820 1314 1892 οὗ
1356 1826 1451 1915 Θρᾷξ

216 1928 338 2019 πέλτην
360 1929 456 1997 σείων
477 1925 659 2014 κάκόντιον,
681 1926 794 2018 ὥσπερ
818 1926 836 1997 ὃ
862 1928 1034 2018 Τηρεύς,
1057 1933 1120 1999 sed
1144 1926 1291 2017 ὥσπερὸ
1311 1926 1451 2018 Τήρης

217 2055 294 2101 esse
316 2035 517 2120 legendum.
563 2035 617 2101 Cf.
642 2036 803 2122 Thucyd.
828 2035 871 2100 ΙΙ.
895 2051 946 2119 29.

383 2263 386 2268 -
800 2222 861 2289 ΙΙΙ.

303 2341 343 2406 In
367 2339 486 2429 Eurip.
511 2340 626 2429 Iphig.
651 2342 757 2410 Taur.
781 2366 813 2409 v.
838 2359 907 2426 340
929 2365 1013 2431 pro:

421 2437 591 2527 θαυμάστ’
616 2441 732 2527 ἔλεξας
754 2444 811 2511 τὸν
834 2438 1030 2532 φανένθ’,
1052 2438 1146 2522 ὅστις
1168 2442 1251 2510 ποτέ

413 2542 563 2634 Ἕλληνος
585 2546 622 2613 ἐκ
644 2552 701 2636 γῆς
723 2545 845 2616 πόντον
867 2541 969 2638 ἦλθεν
990 2543 1113 2630 ἄξενον,

217 2647 443 2716 scribendum
465 2670 561 2717 esse:
583 2648 641 2716 τὸν
663 2646 850 2735 μανένθ’.

805 2840 867 2907 IV.

304 2956 345 3021 ln
369 2957 527 3043 Propert.
559 2956 637 3027 libr.
662 2960 703 3028 V.
728 2975 757 3042 7.
780 2959 824 3045 69
846 2959 1096 3047 corrigendum
1120 2981 1215 3028 esse:

346 3059 407 3127 Sic
429 3059 550 3128 mortis
573 3062 725 3131 lacrimis
748 3062 842 3131 vitae
864 3085 1138 3131 renovamus
1160 3085 1306 3131 amores.

220 3161 274 3228 Cf.
299 3162 427 3230 Catull.
450 3164 535 3250 963.

814 3354 857 3422 V.

271 3513 274 3519 ι
307 3469 431 3538 Senec.
456 3470 599 3540 Hercul.
625 3472 750 3542 Oetaei
772 3498 828 3542 vv.
856 3475 938 3558 1276
959 3499 1035 3564 sqq.
1059 3477 1231 3564 legendos
1253 3496 1348 3544 esse:

835 3577 956 3645 durior
977 3601 1063 3647 saxo
1085 3579 1229 3646 horrido

370 3688 405 3744 et
427 3677 576 3765 chalybe
599 3680 715 3748 voltus
738 3692 773 3748 et
795 3702 889 3768 vaga
911 3682 1152 3770 Symplegade

370 3779 522 3849 victus
545 3782 685 3850 minas
709 3783 853 3870 infregit
875 3796 910 3852 et
932 3784 1111 3853 lacrimam
1134 3784 1278 3874 expulit,

221 3902 312 3950 non:
335 3882 478 3952 rictus
501 3907 622 3953 meos
645 3886 798 3973 infregit.
845 3887 898 3953 Cf.
918 3888 1060 3955 Hercul.
1082 3888 1162 3956 Fur.
1178 3912 1210 3956 v.
1227 3888 1301 3955 806.

770 4199 937 4206 ...-...-—-
