3242 4867
690 112 904 163 ...21—

177 308 250 351 non
273 283 418 370 impune
442 295 570 365 essent,
594 282 795 351 testimonio
819 284 1416 370 quodamheschine0⁶1)dem0n-
1482 352 1485 357 ,

177 398 316 455 stratur.
364 388 487 472 ltaque
511 409 591 454 cum
614 409 634 452 a
650 387 941 455 Lacedaemoniis
958 388 1067 475 legati
1083 389 1127 453 de
1142 409 1232 474 pace
1256 388 1415 454 Athenas

177 501 296 558 essent
318 489 415 557 missi
438 530 478 539 -
503 491 599 576 quod
621 491 753 557 factum
769 512 847 557 esse
864 489 939 577 ipse
955 501 1101 558 testatur
1117 490 1415 574 Philochorusffl)
1478 572 1482 579 .

178 635 219 643 —
250 593 415 679 equidem
447 592 656 660 crediderim
690 593 796 679 paulo
828 592 1052 679 arrogantius
1077 592 1238 679 prodisse
1261 594 1416 679 Thrasy·

177 697 300 763 bulum
323 707 447 782 atque,
480 695 610 762 utiam
633 706 736 762 antea
758 719 797 763 se
820 699 1030 782 praebuerat
1053 696 1418 763 Lacedaemoniorum.

177 799 260 866 odio
297 811 332 866 et
361 798 478 866 studio
513 799 669 865 bellandi
703 799 971 880 inflammatum,
1012 822 1092 866 cum
1126 800 1170 866 de
1201 801 1415 866 Boeotorum

178 902 310 969 auxilio
334 913 369 969 et
390 903 533 969 foedere
556 905 795 987 ageretur⁶³),
829 925 917 989 pace
940 902 1099 970 dissuasa
1122 901 1259 968 civibus
1282 902 1414 968 bellurn

176 1006 451 1072 commendasse.
498 1006 590 1072 Nam
606 1005 755 1071 Conone
771 1007 916 1072 absente
931 1027 969 1072 se
986 1004 1018 1071 ei
1034 1004 1128 1071 bello
1142 1006 1300 1090 gerendo
1316 1028 1415 1091 prae·

176 1109 308 1175 fectum
332 1106 384 1188 iri,
409 1118 448 1173 ut
471 1130 509 1175 re
531 1130 614 1174 vera
637 1109 856 1189 estfactum,
887 1107 1001 1194 ipsum
1024 1108 1150 1193 fugere
1172 1129 1244 1173 non
1268 1117 1414 1194 poterat.

179 1211 298 1296 Atque
322 1211 367 1276 ad
383 1210 598 1296 Thrasybuli
622 1210 816 1298 orationem
840 1213 907 1278 hac
930 1212 975 1277 de
997 1233 1035 1277 re
1058 1208 1213 1276 habitam
1229 1211 1324 1276 haud
1339 1210 1414 1277 scio
1447 1290 1450 1295 ,

179 1336 225 1379 an
248 1323 408 1399 spectent
430 1312 679 1399 Aristophanis
702 1316 810 1379 verba
834 1315 878 1395 (v.
903 1314 998 1397 356):
1024 1316 1095 1397 μῶν
1115 1301 1153 1399 lp
1177 1313 1251 1394 (sel.
1275 1305 1414 1398 ἀχράδα)

183 1411 412 1500 Θρασύβουλος
442 1408 517 1480 εἶπε
547 1418 619 1493 τοῖς
650 1418 883 1495 Λακωνικοῖςς
912 1438 1004 1501 quae
1035 1417 1241 1482 adversatus
1265 1416 1413 1483 Goetzio

180 1520 339 1605 profecto
369 1530 463 1586 recte
493 1518 742 1606 interpretatus
773 1530 827 1586 est
851 1520 1025 1586 Velsenus
1040 1521 1102 1603 64).
1150 1520 1328 1599 Fortasse,
1357 1542 1414 1585 su·
1493 1543 1496 1548 ·

179 1619 302 1707 perbia
331 1633 369 1688 ut
398 1619 472 1689 erat
495 1623 621 1704 elatuS,
651 1644 775 1709 pacem
799 1622 928 1709 ipsam,
960 1645 1066 1708 quam
1089 1624 1283 1690 offerebant
1306 1621 1413 1688 Lace-

179 1725 374 1805 daemonii,
406 1725 465 1792 ille
492 1718 633 1811 ἀχράδος
655 1725 804 1792 similem
828 1748 905 1792 esse
929 1725 1081 1807 dixerat,
1114 1725 1198 1811 quia
1221 1723 1413 1791 Athenien·

177 1826 270 1893 sium
302 1827 487 1914 imperium
518 1850 560 1894 ea
590 1851 703 1914 aeque
734 1828 1037 1914 constringeretur
1068 1851 1109 1896 ac
1138 1829 1257 1895 fauces
1281 1850 1413 1908 eorum,

180 1929 244 2015 qui
266 1922 411 2015 ἀχράδας
433 1930 588 1998 edissent
601 1933 663 2014 64).
1159 1934 1161 1937 ’

266 2051 338 2116 lam
367 2050 398 2117 si
426 2050 643 2136 quaerimus,
683 2052 826 2137 quando
857 2050 1219 2118 Lacedaemoniorum
1251 2051 1295 2116 de
1325 2071 1413 2135 pace

178 2153 288 2240 legati
312 2155 471 2221 Athenas
501 2153 704 2240 petiverint,
737 2154 1032 2239 proficiscendum
1063 2153 1202 2221 videtur
1223 2155 1268 2219 ab
1291 2152 1412 2219 Ando-

179 2255 268 2323 cidis
291 2256 459 2338 oratione,
483 2279 574 2343 quae
598 2256 817 2324 inscribitur:
841 2256 919 2341 περὶ
941 2256 999 2343 τῆς
1020 2254 1107 2340 πρὸς
1121 2251 1412 2339 Λακεδαιμονίους

177 2352 311 2444 εἰρήνης.
346 2360 448 2443 Quae
465 2370 581 2425 utrum
597 2371 689 2426 esset
704 2361 868 2426 habenda
884 2382 947 2446 pro
963 2358 1120 2445 genuina
1138 2350 1184 2425 an
1200 2380 1264 2445 pro
1280 2358 1411 2444 spuria,

178 2472 216 2527 ut
239 2459 351 2526 voluit
374 2460 566 2546 Dionysius
590 2461 989 2545 Halicarnassensis⁶⁶),
1016 2484 1097 2530 cum
1120 2461 1181 2528 diu
1204 2460 1295 2527 inter
1317 2460 1411 2527 viros

178 2566 302 2630 doctos
325 2575 417 2630 esset
439 2575 619 2646 certatum,
642 2576 762 2632 nostra
785 2576 899 2633 aetate
922 2564 1013 2632 inter
1035 2587 1156 2631 omnes
1179 2566 1252 2631 fere
1275 2574 1413 2630 constat

178 2689 256 2733 eam
279 2688 316 2733 re
340 2689 423 2733 vera
439 2666 636 2735 Andocidis
659 2670 809 2751 esse⁶⁷).
857 2669 983 2754 Neque
1006 2679 1122 2734 tamen
1145 2666 1238 2734 idem
1261 2677 1314 2733 est
1329 2688 1411 2732 con-

176 2791 301 2836 sensus
326 2768 509 2850 intereos,
538 2769 599 2855 qui
623 2771 667 2837 de
690 2770 859 2838 orationis
882 2782 1039 2857 tempore
1061 2769 1270 2837 sententiam
1294 2778 1411 2854 protu-

175 2871 301 2937 lerunt.
347 2870 466 2956 Atque
498 2870 583 2937 mihi
613 2872 756 2958 quidem
789 2895 831 2939 ea
862 2872 1048 2938 maximam
1077 2870 1234 2938 veritatis
1256 2870 1411 2956 speciem

178 2974 310 3039 habere
325 2972 473 3055 videtur,
496 2996 602 3060 quam
618 2975 795 3060 Kruegeri
806 2977 869 3058 68),
894 2974 1021 3042 Blassii
1034 2977 1097 3058 ⁶⁹),
1120 2973 1269 3040 aliorum
1285 2962 1410 3040 refuta-

247 3244 291 3314 61)
309 3243 409 3301 Contra
427 3246 544 3316 Ctesiph.
565 3246 621 3301 195.
650 3245 893 3302 CiPseudo-Plut
912 3245 956 3300 vit.
975 3246 1067 3300 decem
1080 3246 1145 3300 erat.
1157 3262 1182 3314 p.
1194 3243 1251 3300 835.
1288 3243 1411 3301 Ceterum

175 3331 237 3387 vide
255 3331 469 3402 Frehbergerum
486 3332 503 3386 l
521 3332 537 3387 l
555 3350 580 3402 p.
598 3333 650 3387 444
667 3349 723 3403 sqq.

244 3434 289 3504 62)
308 3433 346 3491 et
365 3452 458 3505 argum
475 3438 540 3491 erat
557 3438 619 3491 tert.
636 3435 813 3491 Andeeideae.

245 3537 289 3606 63)
309 3537 347 3594 ct
366 3538 432 3594 Xen.
449 3539 466 3593 l.
483 3539 500 3593 l
518 3539 567 3594 HJ.
585 3540 609 3596 5.
628 3538 668 3595 16.

245 3641 289 3708 64)
309 3639 347 3696 Gt
363 3641 381 3696 l
396 3642 414 3696 l
432 3658 457 3711 p.
475 3641 533 3697 394.

145 3755 147 3758 ·
243 3744 287 3812 65)
306 3742 344 3799 Cf.
362 3744 482 3799 scholion
501 3747 530 3799 et
547 3762 614 3815 quae
632 3745 755 3801 similiter
767 3745 833 3800 lusit
843 3744 1036 3814 Aristophanes
1048 3743 1082 3799 de
1098 3744 1209 3800 indutiis
1220 3745 1307 3815 picem
1319 3748 1347 3798 et
1359 3743 1412 3798 slis

175 3829 307 3884 eiusmodi
325 3829 459 3884 olentibus
477 3829 504 3884 in
523 3830 635 3885 Aeham.
652 3848 693 3886 vv.
712 3830 762 3886 190
781 3845 839 3901 sqq.

237 3931 289 4002 66)
307 3931 345 3988 ct
364 3936 555 4002 argumentum

244 4034 288 4104 67)
306 4036 516 4105 Diligentissima
540 4040 569 4091 et
594 4036 775 4108 copiosissime
799 4037 868 4092 hane
886 4037 1069 4106 quaestionem
1086 4034 1213 4090 666666νί6
1229 4035 1359 4091 Kirehner
1383 4035 1412 4089 in

175 4120 363 4175 dissertatione
382 4121 415 4176 de
432 4121 585 4177 Andocides
603 4137 672 4191 quae
690 4122 773 4176 fertur
790 4122 871 4177 tertia
889 4122 1009 4177 eratione
1027 4122 1185 4191 conscripta.

244 4223 289 4292 68)
308 4223 346 4279 Cf.
365 4224 480 4280 Studien
497 4224 764 4295 historice-philolog.
782 4225 832 4279 vel
851 4225 885 4292 ΙΙ,
902 4242 926 4294 p.
944 4224 995 4279 242
1013 4239 1053 4295 sq.

193 4411 221 4466 ὼ
244 4326 288 4395 69)
308 4326 461 4466 CtXhister.
487 4328 574 4397 eloqu.
592 4327 671 4382 Attio.
690 4327 740 4382 vel
757 4328 783 4382 ΙΙ
806 4344 832 4397 p.
849 4326 906 4393 282,
923 4344 948 4397 p.
967 4325 1017 4382 663
1035 4326 1153 4395 itemque
1170 4324 1249 4395 prior.
1266 4322 1410 4381 Andocidis

177 4428 191 4466 6
212 4411 286 4468 'tien
302 4430 327 4483 p.
370 4413 429 4468 vu
