3242 4867
695 97 909 166 „3,..

192 271 275 339 dum
292 293 433 338 carmen
450 282 488 336 ut
503 268 539 336 in
556 269 811 336 Eumenidibus
829 269 1030 355 Aeschylea
1047 280 1081 335 et
1097 268 1208 335 Aiace
1224 266 1428 356 Sophoclea

190 374 235 441 sit
257 375 459 440 habendum
483 394 547 460 pro
571 373 774 460 epiparodo.
821 375 866 440 Et
888 372 975 438 mira
994 383 1089 438 certe
1105 382 1196 439 esset
1212 372 1426 452 coniuncti0,

190 477 220 543 si
252 486 374 563 poeta,
405 477 467 562 qui
500 475 535 542 in
569 488 641 542 tota
673 477 793 542 fabula
824 488 940 562 partes
964 475 1124 542 choricas
1147 498 1253 560 quam
1276 475 1426 541 maxime

190 579 346 646 coercuit
369 592 404 645 et
427 580 523 666 prius
547 579 739 645 disiunctas
764 578 799 644 in
828 601 937 643 unum
966 578 1120 663 collegit,
1144 577 1426 663 antiquissimum

188 684 261 748 fere
292 704 396 767 quem
420 682 518 749 chori
542 682 733 749 inducendi
756 682 899 747 modum
922 684 1027 747 rebus
1050 680 1304 747 florentissimis
1328 681 1426 747 adhi-

189 787 323 865 buerat,
347 786 548 871 copulasset
571 807 650 850 cum
667 783 866 851 novissimis
883 782 1088 863 rationibus,
1112 805 1203 867 quae
1218 786 1427 868 spectabant

189 888 233 952 ad
258 909 337 953 eum
361 887 584 953 abolendum.
633 889 713 952 Duo
738 885 847 971 igitur
869 887 1040 951 habemus
1064 885 1220 951 carmina
1243 898 1278 951 et
1300 908 1342 952 ea
1365 908 1424 951 an·

189 989 414 1075 tistrophica,
449 991 512 1056 sed
537 989 584 1055 ita
607 1000 828 1075 comparata,
859 1000 897 1053 ut
919 990 1082 1074 strophas
1106 1010 1219 1073 aeque
1252 999 1358 1074 atque
1391 988 1427 1054 in

188 1091 381 1177 tragoediis
419 1092 534 1157 statim
575 1094 837 1177 subsequantur
877 1091 1128 1176 antistrophae.
1198 1091 1300 1174 Quae
1340 1113 1426 1157 vero

133 1266 136 1270 ,
191 1206 374 1281 praeterea
405 1196 575 1261 habemus
600 1195 753 1274 cantica,
785 1204 917 1259 tantam
941 1216 1025 1280 prae
1047 1216 1085 1259 se
1109 1195 1226 1259 ferunt
1247 1194 1427 1260 tenuitatis

188 1297 362 1384 speciem,
394 1308 432 1362 ut
455 1298 584 1364 rectius
607 1320 649 1363 ea
672 1296 854 1362 vocaveris
878 1299 1025 1361 umbran
1048 1308 1082 1362 et
1106 1295 1295 1380 imaginem
1319 1320 1425 1382 quam

189 1400 265 1486 ipsa
295 1399 394 1465 chori
423 1384 586 1465 carmina.
639 1399 820 1466 Invenitur
851 1398 963 1480 enim,
994 1399 1024 1464 si
1058 1399 1244 1465 recesseris
1276 1401 1320 1464 ab
1353 1399 1424 1479 illo,

188 1503 284 1588 quod
308 1502 343 1567 in
365 1502 460 1567 exitu
484 1513 536 1568 est
559 1502 726 1587 positum,
758 1502 826 1567 iam
850 1502 1001 1583 nullum,
1032 1501 1128 1586 quod
1151 1512 1226 1567 arte
1248 1501 1293 1568 sit
1316 1502 1424 1587 paulo

189 1604 364 1689 insignius
398 1617 459 1670 aut
490 1608 650 1671 ubertate
681 1615 715 1670 et
741 1605 994 1671 sententiarum
1025 1604 1238 1689 praestantia
1270 1605 1425 1689 aliquam

189 1709 355 1793 praebeat
385 1707 663 1774 delectationem.
720 1710 763 1773 Et
794 1708 899 1774 facile
931 1705 1159 1792 cognoscitur
1191 1707 1227 1772 in
1260 1707 1426 1773 universa

191 1811 311 1875 fabula
334 1820 473 1896 poetam
496 1833 568 1876 non
592 1809 775 1876 admisisse
798 1809 953 1876 carmina
976 1809 1043 1875 nisi
1067 1831 1158 1895 quae
1182 1809 1325 1875 omnino
1344 1821 1427 1876 sunt

187 1912 395 1979 necessaria.
442 1912 652 1980 Necessitati
675 1913 784 1999 igitur
806 1914 955 1979 debetur
977 1913 1132 1998 parodus
1148 1913 1214 1993 vel,
1238 1923 1276 1978 ut
1296 1911 1426 1978 rectius

189 2015 321 2095 dicam,
354 2038 496 2082 carmen
527 2016 614 2081 illud
638 2015 959 2094 metastaticumw)
983 2015 1065 2081 inde
1088 2037 1109 2079 a
1131 2039 1162 2081 v.
1194 2017 1277 2099 289,
1309 2036 1426 2100 neque

188 2117 292 2183 etiam
323 2120 396 2183 ullo
427 2119 532 2184 modo
562 2129 699 2204 poterat
722 2117 834 2185 careri
858 2118 1062 2203 epiparodo.
1109 2120 1152 2183 Et
1175 2117 1244 2183 alia
1267 2117 1423 2183 carmina

188 2219 224 2284 in
247 2219 363 2305 priore
380 2221 521 2287 fabulae
537 2232 635 2307 parte
652 2219 720 2286 iam
736 2242 841 2286 nemo
858 2222 1093 2306 exspectabat,
1117 2220 1284 2305 quoniam
1301 2241 1423 2286 eorum

188 2322 389 2388 facultatem
422 2345 485 2408 per
519 2324 617 2389 chori
649 2323 846 2390 absentiam
873 2346 945 2389 non
967 2323 1044 2389 sine
1067 2345 1173 2388 causa
1196 2346 1340 2408 prorsus
1364 2322 1423 2386 ad·

189 2437 319 2490 emerat
342 2437 446 2510 poeta
469 2437 503 2492 et
526 2449 568 2492 eo
592 2427 680 2507 loc0,
705 2426 766 2491 ubi
789 2425 954 2491 carminis
978 2436 1051 2491 erat
1067 2448 1162 2506 usus,
1186 2430 1280 2510 (post
1296 2450 1327 2491 V.
1346 2428 1423 2509 356)

187 2528 348 2594 sollerter
386 2528 566 2595 histrionis
596 2528 793 2613 longiorem
829 2528 1121 2594 declamationem
1153 2527 1422 2614 interposuerat.

189 2629 271 2712 Quo
316 2632 409 2697 facto
451 2631 519 2696 iam
563 2631 680 2697 omnia
722 2654 765 2697 ex
802 2631 1058 2697 consuetudine
1095 2630 1307 2697 videbantur
1344 2652 1423 2717 pro·

188 2753 372 2816 gressum,
405 2733 470 2799 etsi
505 2734 622 2814 illum,
656 2734 716 2818 qui
737 2735 855 2820 paulo
879 2744 953 2799 erat
975 2733 1158 2813 attentior,
1190 2754 1262 2798 non
1287 2744 1425 2819 poterat

188 2835 330 2918 fugere,
361 2834 421 2901 illo
454 2835 531 2922 ipso
555 2838 651 2916 loco,
682 2836 743 2901 ubi
766 2836 1034 2903 desiderabatur
1057 2838 1204 2916 chorus,
1237 2858 1423 2921 argumen-

188 2947 260 3000 tum
301 2938 396 3002 omni
438 2938 612 3020 gravitate
654 2941 815 3005 orbatum
856 2938 1007 3004 maxime
1048 2938 1181 3019 iacere,
1221 2938 1304 3004 inde
1338 2961 1423 3004 vero

186 3061 397 3106 conversum
427 3044 471 3108 ab
502 3042 609 3128 nugis
639 3042 827 3128 Megaricis
857 3063 1043 3126 resurgere
1074 3043 1119 3106 ad
1150 3041 1249 3107 chori
1273 3040 1423 3107 reditum

186 3164 319 3209 versus.

273 3246 449 3331 Deinceps
477 3270 568 3332 quae
592 3270 612 3312 a
635 3250 744 3314 choro
768 3258 999 3334 praestantur,
1028 3241 1187 3332 quamvis
1210 3246 1295 3313 satis
1318 3246 1424 3312 etiam

185 3348 325 3413 valeant
348 3350 392 3414 ad
415 3351 556 3415 fabulae
580 3372 789 3436 compagem
813 3350 1073 3430 continendam,
1098 3360 1251 3416 mutatae
1275 3348 1421 3415 rationis

186 3450 336 3535 vestigia
359 3451 550 3518 ostendunt
573 3451 800 3537 apertissime.
848 3454 940 3518 Nam
964 3462 1151 3538 postquam
1175 3452 1258 3518 inde
1274 3475 1294 3517 a
1311 3476 1341 3517 v.
1359 3453 1424 3534 506

186 3551 276 3618 inter
303 3554 488 3619 mulierum
512 3555 659 3619 chorum
684 3557 995 3641 Praxagoramque
1019 3557 1145 3622 ducem
1169 3554 1366 3641 imperandi
1390 3566 1424 3620 et

185 3655 352 3722 audiendi
375 3655 623 3722 commercium
646 3667 698 3723 est
722 3657 928 3738 restitutum,
953 3698 993 3706 —
1011 3657 1046 3722 id
1069 3658 1165 3743 quod
1189 3679 1306 3724 coram
1323 3679 1423 3743 spec·

186 3758 357 3823 tatoribus
381 3758 486 3843 plane
510 3769 584 3824 erat
606 3760 863 3841 necessarium,
895 3759 978 3846 quia
1002 3760 1134 3826 reditus
1158 3782 1229 3825 non
1254 3770 1329 3825 erat
1352 3782 1424 3825 una

185 3882 301 3945 neque
333 3861 454 3926 eadem
486 3860 542 3926 via
572 3863 685 3928 factus
715 3903 755 3910 —
779 3865 908 3929 chorus
932 3863 1000 3928 iam
1024 3862 1167 3928 omnino
1191 3861 1327 3929 desistit
1350 3884 1423 3928 rem

186 3963 379 4047 gerendam
408 3963 576 4031 adiuvare
599 3965 655 4030 vel
679 3965 859 4032 celebrare
882 3966 1055 4032 laudibus.
1103 3966 1328 4051 Quamquam
1350 3987 1423 4030 non

184 4066 282 4130 deest
304 4065 431 4151 agonis
455 4066 661 4133 instituendi
684 4069 894 4150 adhortatio,
926 4090 1027 4154 quae,
1060 4068 1228 4154 quoniam
1251 4090 1324 4133 non
1345 4078 1421 4153 pot-

185 4178 259 4233 erat
282 4189 323 4234 ea
346 4169 468 4251 careri,
491 4193 536 4236 ne
560 4170 596 4235 in
621 4171 725 4237 Pluto
749 4171 893 4257 quidem
916 4182 969 4238 est
992 4171 1121 4238 omissa
1144 4173 1186 4237 cf.
1210 4189 1265 4237 vv.
1289 4172 1354 4254 487
1369 4194 1421 4255 sq.

254 4387 297 4458 23)
317 4388 355 4446 cf.
375 4389 403 4443 l„
422 4391 548 4446 Mueller:
566 4391 706 4446 Lehrbuch
726 4392 773 4446 dor
791 4392 890 4461 griech.
907 4392 1182 4459 Bflhnenaltertiimer,
1199 4410 1224 4464 p.
1242 4392 1300 4446 212.

1606 287 1611 340 ,l
