3242 4867
712 159 925 230 ..„..

205 332 277 404 Sed
309 357 427 422 agona
457 332 573 422 ipsum
603 336 732 401 chorus
766 334 836 400 iam
866 334 965 400 nullo
988 335 1096 400 verbo
1119 330 1350 421 persequitur.
1395 331 1439 399 Et

203 449 341 527 poterat
385 461 470 506 sane
506 438 600 519 fieri,
653 448 692 504 ut
726 436 940 505 assensionis
986 436 1225 524 interponeret
1261 436 1438 523 significa-

203 542 318 608 tiones
350 542 447 608 velut
477 542 513 607 in
544 540 675 607 Avium
707 562 824 627 agone
856 538 1096 606 admirationis
1109 542 1170 622 Ἠ).
1216 541 1438 625 Quamquam

205 644 400 711 carminum
428 643 586 730 pericula
614 665 659 709 ne
691 646 823 711 faceret
844 664 934 709 neve
956 640 1105 724 subiret,
1137 652 1263 729 poetae
1284 641 1440 708 sollertia
1485 647 1488 652 ’

205 758 258 814 est
281 746 497 833 impeditum,
521 746 582 832 qui
605 757 644 811 ut
666 745 702 812 in
719 745 814 811 Pluti
836 745 956 811 fabula
975 744 1083 830 agoni
1098 744 1196 831 prius
1212 744 1308 810 dedit
1324 745 1439 823 finem,

206 871 313 935 quam
336 851 465 915 chorus
489 849 534 914 ad
557 859 674 935 partes
698 857 892 916 vocaretur.
1068 847 1072 852 ’

294 970 366 1034 Iam
389 990 473 1035 vero
497 965 757 1054 accingendum
777 979 851 1034 erat
866 969 911 1032 ad
927 966 1125 1053 parabasin.
1172 967 1244 1034 Sed
1260 966 1321 1053 qui
1336 977 1440 1032 antea

206 1071 370 1139 omnibus
401 1071 509 1137 animi
540 1070 765 1138 facultatibus
798 1082 872 1137 erat
901 1069 1036 1150 enisus,
1068 1080 1106 1135 ut
1131 1092 1272 1136 cursum
1295 1069 1441 1154 antiquo

207 1196 306 1241 more
328 1173 524 1240 institutum
547 1163 667 1240 tenere
690 1173 878 1253 videretur,
902 1194 982 1238 eum
1006 1173 1051 1236 ad
1069 1171 1258 1258 parabasin
1273 1191 1441 1257 superan-

206 1279 288 1343 dam
310 1276 522 1343 deficiebant
545 1275 637 1343 vires
661 1277 909 1342 choreutarum
923 1276 984 1358 ¹⁶).
1032 1275 1154 1360 ltaque
1177 1296 1270 1360 quae
1292 1285 1362 1340 tam
1381 1296 1439 1360 pe·

207 1380 302 1446 nitus
325 1379 531 1446 inhaerebat
554 1378 721 1464 antiquae
737 1377 942 1444 comoediae
958 1376 1071 1458 insita,
1096 1388 1323 1462 utnusquam
1339 1389 1442 1443 antea

208 1484 325 1550 locum
355 1504 427 1548 non
451 1482 708 1563 obtinerem),
741 1481 894 1567 primum
918 1490 992 1546 erat
1014 1480 1216 1547 omittenda.
1262 1481 1307 1546 Et
1329 1502 1371 1546 eo
1393 1480 1441 1546 fa·

206 1585 308 1652 cilius
332 1595 384 1652 est
407 1584 545 1667 omissa,
569 1586 666 1670 quod
688 1584 766 1650 sine
787 1584 912 1649 fraude
936 1583 1135 1669 argumenti
1158 1593 1296 1670 poterat
1319 1584 1442 1649 abesse

207 1710 323 1773 neque
347 1688 392 1753 ad
414 1687 569 1753 fabulam
586 1687 841 1766 deducendam,
865 1708 936 1771 qua
952 1695 1008 1751 est.
1019 1696 1144 1751 natura
1160 1684 1313 1771 propria,
1337 1684 1442 1751 ullius

207 1801 282 1856 erat
312 1788 488 1856 momenti.
535 1790 642 1874 Quod
673 1800 789 1855 autem
821 1811 865 1855 ex
896 1811 938 1855 ea
968 1788 1153 1854 videbatur
1175 1788 1204 1853 si
1227 1810 1300 1853 non
1323 1809 1442 1854 neces·

206 1892 356 1973 sarium,
387 1903 503 1959 tamen
527 1893 573 1958 ad
596 1891 778 1958 victoriam
802 1891 935 1972 utiliuS,
967 1890 1095 1957 adiecit
1117 1902 1221 1976 poeta
1245 1889 1280 1956 in
1303 1891 1443 1956 fabulae

209 1995 305 2062 exitu
328 2019 383 2061 vv.
411 1995 631 2078 1154-1162.

296 2114 464 2181 Parabasi
494 2138 579 2181 vero
610 2137 690 2182 cum
713 2114 1005 2200 supersederetur
1028 2153 1068 2160 -
1092 2123 1126 2179 et
1150 2135 1226 2179 earn
1249 2123 1343 2179 certe
1367 2133 1443 2179 esse

207 2216 382 2299 omissam,
406 2239 448 2285 ex
472 2218 672 2304 captatione
696 2217 755 2283 illa
778 2215 1047 2283 benevolentiae
1070 2215 1290 2301 perspicitur,
1314 2215 1371 2282 cui
1395 2215 1443 2280 ibi

207 2332 282 2387 erat
304 2320 404 2387 locus
427 2319 606 2406 legitimus
620 2320 672 2403 Ν)
697 2361 737 2368 -
753 2342 825 2385 non
841 2330 894 2386 est
909 2318 1153 2385 admirandum
1170 2329 1286 2384 cetera
1301 2340 1444 2403 quoque

208 2419 352 2490 stasima
375 2424 508 2488 abesse.
554 2421 729 2489 Nimirum
752 2424 797 2487 ad
820 2421 962 2487 fabulae
977 2421 1151 2488 actionem
1167 2421 1443 2507 promovendam

209 2547 254 2591 ne
278 2524 338 2590 illa
360 2524 503 2610 quidem
526 2535 625 2590 crant
647 2524 847 2591 necessaria
870 2546 986 2610 neque
1010 2546 1099 2610 opus
1123 2525 1167 2589 ad
1191 2522 1442 2609 coniungenda

208 2625 377 2714 episodia.
423 2626 562 2693 Etenim
585 2626 646 2711 qui
670 2628 795 2692 modus
818 2627 862 2691 ad
886 2626 1067 2712 parabasis
1091 2626 1207 2693 locum
1231 2626 1443 2712 explendum

209 2752 230 2796 a
263 2740 367 2816 poeta
398 2740 471 2796 erat
502 2729 682 2811 inventuS,
716 2728 819 2796 facile
850 2730 895 2795 ad
925 2727 985 2794 illa
1016 2751 1158 2815 quoque
1182 2730 1444 2815 compensanda

178 2832 370 2899 adhiberi
400 2843 546 2919 poterat.
603 2834 729 2920 Neque
758 2832 866 2898 ullam
906 2831 1010 2900 video
1041 2833 1230 2913 rationem,
1267 2854 1331 2898 cur
1362 2853 1442 2898 curn

279 3124 323 3190 24)
343 3123 402 3177 Non
420 3122 560 3192 probanda
576 3121 681 3176 ridetur
698 3121 833 3175 sentemia
850 3121 984 3176 Zielinskii
1001 3122 1018 3176 l
1035 3121 1052 3176 l.
1070 3137 1095 3190 p.
1115 3122 1164 3175 117
1182 3134 1239 3190 sqq.
1257 3137 1316 3175 cum
1328 3121 1443 3190 Berglric

209 3209 301 3267 invitis
319 3208 454 3264 codicibus
472 3225 588 3279 upupam
605 3223 653 3277 pro
673 3207 753 3261 chore
771 3206 965 3262 substituentis.

161 3388 164 3394 Ι
277 3311 321 3380 25)
347 3310 385 3367 cf.
417 3311 567 3380 Homnngii
600 3310 831 3365 commentationis
858 3309 891 3364 de
917 3309 1038 3379 partibus
1065 3309 1181 3364 comoed.
1206 3308 1297 3364 Graec.
1322 3310 1443 3380 partienl.

209 3414 233 3467 p.
253 3398 293 3453 25.
851 3399 852 3402 ’

278 3500 322 3569 26)
339 3500 451 3555 Prorsus
475 3497 543 3556 facio
569 3516 627 3553 cum
653 3497 833 3569 westphalia,
861 3498 906 3569 qui
928 3515 962 3553 ne
986 3498 1161 3569 Lysistratam
1189 3497 1295 3567 quidem
1321 3498 1444 3569 parabasi

210 3603 299 3642 carere
317 3590 389 3640 recte
407 3586 544 3651 intellexit,
570 3585 617 3640 sed
634 3585 687 3642 illa
713 3601 781 3654 quae
799 3587 945 3655 sequuntur
963 3583 1025 3638 inde
1043 3602 1065 3639 a
1083 3601 1106 3639 r.
1123 3583 1181 3648 616,
1208 3600 1265 3638 esse
1283 3601 1331 3652 pro
1350 3601 1382 3638 ea
1399 3584 1446 3638 ha·

197 3672 297 3738 ,tenda
317 3670 359 3740 (cl
377 3672 500 3740 Prclegg.
518 3672 553 3727 ad
569 3671 695 3742 Aeschyli
712 3670 864 3740 tragoedias
881 3687 906 3741 p.
918 3670 952 3725 46
964 3670 1040 3740 sqq).
1076 3670 1151 3724 Idem
1170 3670 1224 3724 lere
1238 3669 1293 3739 jam
1307 3674 1446 3724 censuerat

208 3758 339 3827 Agthius:
364 3757 406 3811 De
432 3757 554 3827 parabasi
580 3775 605 3828 p.
633 3757 681 3811 141
700 3773 757 3827 sqq.
791 3757 895 3811 Vellem
913 3755 1081 3810 Zielinskium
1104 3772 1209 3825 quoque
1227 3755 1242 3808 l.
1261 3756 1278 3809 l.
1295 3773 1322 3825 p.
1342 3755 1391 3810 180
1409 3772 1447 3825 sq.

209 3846 310 3908 totum,
336 3860 385 3897 nec
403 3842 482 3897 medo
501 3844 577 3913 quasi
596 3842 762 3898 dimidiatum
780 3842 815 3896 ad
832 3842 893 3896 illos
911 3857 970 3896 sese
988 3841 1142 3911 applicasse.
1178 3840 1264 3896 Aliam
1284 3842 1445 3895 senentiam

208 3929 329 3984 tulerunt
346 3928 399 3995 alii,
416 3929 490 3983 velut
507 3929 629 3984 Kolstar:
646 3929 688 3983 De
705 3928 829 3999 parabasi
841 3927 938 3982 veteris
952 3926 1068 3982 comoed.
1081 3927 1161 3982 Attio.
1172 3931 1249 3998 parte
1262 3927 1447 3995 antiquissima

208 4032 233 4086 p.
251 4014 299 4080 32,
324 4014 496 4083 Homungius
521 4014 537 4068 l.
565 4015 583 4070 l.
608 4032 633 4084 p.
651 4014 685 4069 25
704 4030 754 4082 sq,
780 4012 950 4068 Amoldtins:
978 4013 1020 4067 De
1045 4012 1166 4082 partibus
1184 4012 1295 4068 choricis
1313 4012 1447 4084 Aristoph.

280 4203 323 4273 27)
342 4203 420 4269 Quod
437 4202 466 4257 in
485 4202 600 4257 Nubium
617 4203 709 4258 fabula
726 4202 753 4256 in
772 4202 856 4258 altera
873 4201 998 4272 parabasi
1010 4205 1052 4257 est
1063 4202 1152 4274 posita
1170 4201 1213 4270 (cf.
1230 4219 1269 4257 vv.
1289 4203 1356 4257 1114
1373 4203 1448 4271 sqq),

210 4289 288 4345 idea
306 4306 335 4344 re
353 4291 499 4353 excusatur,
527 4287 598 4357 quod
620 4288 692 4357 prior
709 4291 767 4342 erat
783 4288 863 4357 plena
887 4288 1091 4358 vituperationis
1108 4305 1194 4358 neque
1212 4304 1303 4358 preces
1322 4289 1384 4358 apte
1401 4304 1449 4357 pc·

91 4444 98 4454 .
210 4378 301 4431 terant
325 4363 534 4444 coniungicum
559 4375 742 4442 castigatione.
777 4371 902 4428 Ceterum
928 4374 979 4429 hac
1004 4391 1109 4444 quoque
1129 4391 1158 4428 re
1175 4374 1334 4444 perspicitur
1351 4376 1449 4443 poetae

210 4461 347 4531 ingenium
365 4459 417 4514 sibi
434 4476 521 4514 rerum
540 4458 765 4522 consuetudinem,
782 4475 837 4512 nen
855 4476 883 4513 se
900 4476 988 4514 rerum
1007 4458 1193 4515 consuetudini
1212 4458 1402 4528 subiungentis.

1201 4542 1241 4599 3*
