3242 4867
702 120 914 186 ..27-

184 292 336 378 vestigia
367 315 439 359 non
469 292 545 360 sine
568 293 792 360 miseratione
815 296 968 379 quadam
991 292 1287 378 deprehendimus
1311 291 1347 358 in
1369 294 1419 359 fa·

184 396 268 461 bula
284 395 616 477 Ecclesiazusarum,
640 397 685 461 ad
707 397 808 463 cuius
832 398 978 463 chorum
994 398 1101 482 paulo
1118 395 1316 462 accuratius
1331 407 1420 462 trac·

148 503 151 509 ’
184 500 330 564 tandum
353 498 422 565 iam
445 494 664 585 appellamus
686 499 831 567 animos,
1440 567 1441 570 ,

271 601 343 668 Sed
387 599 591 687 priusquam
626 603 675 667 ad*
700 602 799 669 chori
832 601 942 687 ipsius
972 600 1144 668 rationem
1175 602 1420 687 exponendam

185 704 425 790 accingamur,
449 705 493 770 de
512 704 620 771 totius
635 705 776 772 fabulae
791 717 1002 790 argumento
1018 704 1189 770 nonnulla
1204 699 1310 770 erunt
1322 725 1420 789 prae·

185 807 372 873 monenda.

791 1031 816 1095 Ι.

412 1182 465 1250 Ilo
488 1185 703 1266 argumento
726 1186 763 1252 et
785 1184 1023 1269 dispositione
1045 1184 1202 1252 fabulae.

271 1322 387 1405 Quam
410 1321 591 1387 tractaturi
612 1344 734 1388 sumus
756 1322 1010 1407 quaestionem,
1034 1345 1111 1388 eam
1135 1321 1171 1387 in
1193 1321 1345 1408 singulis
1367 1343 1418 1387 re-

184 1427 252 1490 bus
274 1446 344 1490 non
367 1426 459 1491 bene
482 1423 665 1510 profligari
688 1446 792 1511 posse
815 1424 1035 1505 arbitramur,
1058 1424 1126 1491 nisi
1142 1424 1239 1510 prius
1255 1424 1420 1490 universa

185 1527 304 1592 fabula
334 1526 370 1592 in
400 1549 472 1593 uno
503 1537 697 1613 conspectu
729 1526 844 1613 posita
870 1538 904 1593 et
925 1526 1011 1613 quid
1034 1537 1162 1612 agatur
1184 1537 1218 1593 et
1241 1528 1419 1611 quomodo

185 1638 321 1714 agatur,
347 1627 633 1714 spectaverimus.
679 1629 760 1713 Qua
784 1628 820 1694 in
844 1653 892 1710 re,
915 1631 1010 1696 unde
1032 1640 1279 1715 argumentum
1301 1628 1346 1694 sit
1368 1628 1419 1693 in·

184 1741 338 1812 ventum,
369 1753 446 1798 eam
477 1731 730 1817 quaestionem,
759 1732 893 1819 quippe
915 1755 1008 1818 quae
1032 1731 1120 1798 nihil
1143 1734 1213 1798 huc
1236 1730 1419 1818 pertineat,

182 1833 333 1902 libenter
364 1833 562 1901 iubebimus
594 1835 719 1901 valere.
774 1836 814 1900 Id
842 1835 998 1920 agimus,
1033 1845 1071 1900 ut
1101 1833 1336 1921 percipiamus
1369 1833 1418 1899 in-

184 1936 300 2003 dolem
324 1947 358 2002 et
380 1946 541 2016 naturam
563 1937 714 2017 fabulae,
748 1937 889 2023 qualem
912 1939 1082 2004 habemus
1105 1936 1277 2002 traditam.
1323 1938 1367 2001 Et
1388 1934 1419 2002 si

183 2049 292 2105 totam
329 2038 624 2125 contemplamur,
661 2062 876 2125 quamquam
915 2040 1073 2125 profecto
1106 2038 1181 2106 iure
1215 2039 1417 2105 Odofredus

183 2142 332 2209 Mueller
347 2144 396 2226 ¹¹)
420 2140 505 2206 mihi
528 2142 666 2208 videtur
682 2141 945 2228 perfectissimis
962 2141 1210 2228 Aristophanis
1227 2139 1418 2208 comoediis

183 2266 260 2311 eam
283 2245 543 2325 adnumerasse,
567 2254 683 2310 tamen
707 2256 803 2311 certo
827 2247 980 2331 quodam
1004 2244 1205 2311 discrimine
1220 2243 1419 2329 seiungitur

184 2348 229 2412 ab
260 2345 356 2426 aliis,
387 2367 479 2431 quae
506 2347 629 2412 eadem
659 2346 764 2412 laude
795 2346 927 2432 dignae
949 2358 1040 2413 sunt.
1087 2348 1148 2413 Est
1172 2346 1265 2412 enim
1287 2367 1420 2432 genere

183 2448 291 2515 mixto
322 2459 356 2515 et
386 2448 554 2534 ambiguo
586 2460 620 2514 et
651 2460 790 2535 praeter
820 2460 1067 2534 argumentum
1097 2451 1216 2515 eforo
1239 2460 1273 2515 et
1296 2471 1333 2515 re
1356 2471 1419 2535 pu·

182 2551 276 2618 blica
298 2551 505 2638 repetitum,
545 2552 642 2637 quod
671 2574 780 2617 unum
810 2552 974 2619 omnibus
1003 2554 1076 2618 fere
1099 2562 1204 2618 antea
1227 2550 1420 2618 comoediis

183 2652 454 2739 Aristophaneis
477 2664 530 2719 est
551 2653 759 2735 subiectum,
783 2654 896 2740 prima
920 2653 1109 2740 assumpsit
1127 2675 1182 2721 res
1199 2653 1419 2720 domesticas.

184 2757 291 2840 Quod
323 2778 428 2836 cave,
461 2777 506 2821 ne
536 2779 660 2842 parum
691 2757 877 2843 respicias,
912 2780 992 2824 cum
1015 2759 1082 2824 hac
1106 2757 1142 2822 in
1165 2778 1202 2822 re
1225 2765 1419 2842 appareant

183 2859 295 2945 prima
329 2857 428 2924 initia
459 2856 535 2924 eius
567 2859 830 2926 comoediarum
854 2859 1013 2945 generis,
1044 2860 1140 2946 quod
1164 2860 1209 2925 ad
1232 2857 1419 2924 humiliora

183 2961 366 3048 delapsum
389 2983 460 3025 una
483 2982 563 3026 curn
586 2982 624 3025 re
646 2959 788 3046 publica
812 2963 1001 3027 chororum
1017 2961 1112 3028 exuit
1128 2971 1162 3027 et
1178 2960 1418 3026 adiumentum

183 3073 218 3128 et
245 3063 480 3148 splendorem.
527 3062 751 3147 Quamquam
781 3085 855 3128 non
878 3073 993 3148 potest
1015 3062 1140 3148 negari
1163 3062 1268 3128 etiam
1291 3061 1327 3126 in
1350 3060 1418 3147 pri-

184 3163 304 3232 oribus
336 3164 465 3232 fabulis
498 3163 630 3246 inesse,
669 3186 761 3250 quae
793 3166 839 3229 ad
868 3163 974 3230 vitam
1006 3164 1178 3250 privatam
1210 3162 1418 3249 pertineant,

183 3267 279 3333 velut
309 3266 345 3333 in
369 3265 536 3352 Equitum
560 3276 594 3332 et
617 3265 774 3332 Nubium
798 3266 957 3353 partibus
980 3265 1165 3352 prioribus.
1213 3268 1345 3332 Verum
1369 3276 1417 3331 ta·

183 3393 264 3437 men
287 3373 356 3436 hoc
380 3368 565 3436 intercedit
588 3369 785 3451 discrimen,
809 3370 906 3455 quod
929 3391 985 3437 res
1008 3368 1221 3436 domesticae
1245 3391 1288 3435 eo
1312 3370 1416 3435 modo

183 3471 330 3539 consilio
354 3471 403 3537 ibi
425 3483 508 3537 sunt
531 3471 713 3553 admissae,
738 3484 776 3538 ut
797 3474 944 3538 haberet
967 3482 1081 3558 poeta,
1105 3473 1200 3557 quod
1224 3471 1326 3558 quasi
1340 3473 1416 3537 fun·

182 3576 384 3641 damentum
414 3575 632 3640 substrueret
658 3574 789 3640 actioni
811 3575 918 3661 paulo
941 3585 1021 3660 post
1043 3574 1252 3642 transiturae
1276 3576 1321 3639 ad
1344 3597 1417 3640 rem

182 3676 370 3762 publicam.
415 3677 499 3741 Erat
522 3675 615 3741 enim
638 3687 886 3762 argumentum
908 3700 980 3743 non
1003 3699 1142 3762 semper
1165 3676 1346 3758 eiusmodi,
1379 3687 1417 3742 ut

182 3801 295 3865 aeque
326 3789 432 3863 atque
462 3778 498 3843 in
521 3779 811 3846 Acharnensibus
836 3790 870 3845 et
893 3778 1086 3864 Lysistrata
1109 3779 1225 3846 statim
1248 3781 1293 3845 ab
1317 3778 1416 3860 initio

182 3880 302 3967 pansis
333 3880 422 3947 velis
448 3902 512 3966 per
534 3881 642 3946 altum
665 3903 761 3948 mare
783 3884 932 3948 ferretur
955 3881 1146 3947 comoedia.
1194 3882 1266 3948 Sed
1289 3892 1416 3961 tamen,

181 3982 212 4049 si
228 3993 353 4069 poetae
369 4006 431 4049 ora
447 3994 521 4049 erat
536 3983 698 4068 legenda,
715 3984 921 4070 priusquam
937 3986 1121 4070 praeberet
1133 3987 1278 4051 carbasa
1291 3982 1416 4065 ventis

252 4253 295 4321 11)
314 4252 355 4309 Cf.
374 4254 477 4310 Hister.
502 4254 586 4309 litter.
613 4254 706 4310 Graec.
731 4256 784 4310 vol.
809 4255 838 4309 11
863 4255 926 4310 odit
949 4258 1012 4310 tort.
1031 4273 1058 4326 p.
1078 4255 1137 4311 231.
1173 4255 1250 4310 Idem
1266 4255 1418 4310 iudicarunt

179 4338 290 4394 Bestius
312 4339 341 4394 in
364 4339 445 4406 libro,
471 4339 517 4410 qui
541 4344 584 4396 ost
608 4341 641 4397 de
660 4358 768 4396 numero
786 4341 910 4404 histrien.
929 4341 1064 4416 Aristoph.
1082 4359 1110 4414 p.
1130 4341 1192 4406 109,
1215 4341 1369 4412 Droysonus
1387 4340 1415 4398 in

180 4425 309 4482 versionis
325 4424 498 4501 praelatione,
