3242 4867
733 123 948 171 ..20-

221 295 467 381 Thrasybulus
497 293 566 359 iam
600 292 822 360 occasionem
850 292 985 379 putavit
1016 291 1083 359 sibi
1113 292 1267 358 oblatam
1290 313 1385 372 esse,
1418 302 1456 357 ut

219 397 406 485 pristinum
439 395 620 483 dignitatis
650 396 767 463 locum
797 406 1038 482 recuperaret,
1077 405 1111 461 et
1142 394 1310 481 quoniam
1341 395 1375 460 ei
1405 393 1456 460 rei

219 500 384 588 publicae
421 500 663 586 gubernacula
703 521 723 563 a
757 498 894 565 civibus
929 520 1002 564 non
1033 498 1125 563 ultro
1160 498 1455 576 concedebantur,

221 603 328 689 paulo
352 601 484 669 maiore
507 625 591 669 usus
615 601 776 682 licentia,
805 622 851 667 ne
874 600 989 668 dicam
1012 600 1215 680 insolentia,
1248 599 1284 664 in
1307 599 1457 685 gratiam

221 727 343 771 eorum
372 726 451 772 sese
481 704 660 771 insinuare
683 703 839 771 studuit?
884 705 975 770 Nam
992 726 1072 770 eum
1088 702 1196 769 fuisse
1213 701 1397 782 eiusmodi,
1417 711 1455 766 ut

218 818 363 895 propter
392 818 561 894 tyrannos
593 808 759 893 expulsos
787 806 856 874 sibi
885 807 1078 873 confideret
1104 806 1232 887 licere,
1263 826 1355 891 quae
1379 803 1456 870 aliis

217 1011 297 1064 quam
323 994 369 1049 ille
394 995 427 1049 ab
446 995 588 1049 Artaxerxe
612 994 640 1048 in
665 993 781 1048 hostiurn
807 1010 916 1048 numero
933 993 1084 1049 habebatur
1101 992 1144 1061 (ci.
1162 992 1283 1062 Xenoph.
1300 992 1317 1046 l.
1334 992 1351 1046 l
1370 992 1414 1056 IV,
1432 992 1456 1046 8.

217 1081 266 1145 24;
290 1080 367 1134 Diod
386 1081 455 1145 XIV,
478 1080 529 1148 98).
566 1079 687 1148 Denique
705 1082 821 1133 testatur
837 1079 931 1149 Lysias
945 1080 1020 1144 (erat.
1038 1079 1108 1143 XIX,
1128 1077 1160 1133 19
1178 1078 1228 1147 sq.)
1246 1094 1280 1133 ne
1297 1078 1454 1147 Dionysium

218 1165 333 1235 quidem,
351 1166 575 1236 Syracusanorum
592 1165 741 1234 tyrannum,
758 1164 948 1234 intemptatum
960 1164 1081 1218 relictum
1094 1180 1159 1229 esse,
1175 1163 1224 1217 sed
1235 1163 1371 1218 Cononem
1383 1163 1457 1232 lega·

219 1252 255 1305 tis
280 1251 367 1305 missis
392 1250 550 1305 affinitatem
575 1250 646 1304 inter
669 1249 744 1303 illurn
771 1252 799 1304 et
816 1249 966 1319 Euagoram
990 1249 1131 1304 conciliare
1149 1248 1289 1314 studuisse,
1315 1265 1368 1318 qua
1385 1247 1457 1302 facta

217 1339 345 1408 tyrannus
363 1353 379 1392 a
396 1336 677 1400 Lacedaemoniorum,
702 1334 799 1403 quibus
829 1334 967 1400 studebat,
992 1334 1027 1388 ad
1044 1333 1183 1403 Euagorae
1200 1334 1456 1402 Atheniensiumque

216 1425 306 1493 partes
325 1421 520 1492 perduceretur.

287 1509 347 1562 Iam
366 1508 389 1561 si
407 1508 496 1561 omnia
515 1507 720 1577 complectimur,
739 1505 849 1560 dubium
866 1522 919 1560 nen
937 1508 1111 1575 potestesse,
1129 1504 1193 1574 quin
1210 1504 1386 1559 Athenienses
1403 1504 1455 1558 iam

217 1595 264 1648 illo
282 1597 402 1660 tempore
420 1595 527 1647 auctore
546 1593 670 1646 nimirum
685 1592 794 1647 Conone
813 1591 841 1645 id
859 1591 1043 1661 spectaverint,
1061 1594 1092 1644 ut
1109 1590 1248 1660 imperium
1265 1590 1332 1644 illud
1349 1591 1457 1644 restitu-

218 1682 300 1744 erent,
318 1679 387 1732 sicut
404 1677 492 1732 fuerat
509 1681 571 1732 ante
589 1677 690 1732 bellum
702 1676 963 1746 Peloponnesiacum.
999 1675 1073 1741 Quae
1092 1676 1226 1730 sententia
1244 1676 1267 1729 si
1284 1675 1397 1729 fortasse
1415 1675 1457 1728 eui

217 1764 339 1818 rideatur
365 1763 445 1834 paulo
463 1762 595 1827 audacior,
613 1763 675 1832 quia
693 1762 802 1817 Grotius
821 1762 837 1816 l.
854 1763 872 1818 l.
889 1762 939 1818 vot
956 1762 980 1815 V
997 1779 1022 1832 p.
1041 1762 1099 1826 302,
1115 1779 1141 1832 p.
1159 1761 1210 1817 308
1228 1764 1256 1814 et
1273 1761 1409 1814 Busoltius
1427 1761 1456 1814 in

220 1850 305 1905 annal.
331 1849 422 1919 philol
447 1850 497 1904 vol
523 1850 609 1919 suppl
626 1849 693 1913 VII,
716 1867 741 1920 p.
759 1848 810 1906 oet
828 1865 885 1918 sqq.
902 1865 1009 1918 prorsus
1027 1850 1192 1917 negaverunt
1208 1847 1385 1902 Athenienses
1402 1846 1456 1900 iarn

219 1939 276 1989 tum
295 1935 425 1990 eiusmodi
444 1936 554 1989 consilia
571 1936 659 2000 inisse,
677 1934 763 1989 titulis
782 1934 947 2004 quibusdam,
965 1934 998 1988 de
1016 1934 1112 2003 quibus
1130 1933 1262 2003 copiosius
1275 1932 1457 1987 disseruerunt

219 2020 350 2076 Suohoda
369 2024 396 2074 et
413 2021 531 2075 Koehler
547 2022 575 2075 in
588 2021 662 2076 Actis
674 2020 791 2075 instituti
805 2020 936 2075 archaeol.
949 2020 999 2073 vol.
1011 2020 1071 2084 vn,
1087 2037 1113 2089 p.
1126 2020 1176 2073 174
1188 2036 1245 2089 sqq.
1257 2022 1284 2072 et
1295 2036 1321 2088 p.
1334 2018 1385 2073 313
1398 2034 1457 2087 sqq.

220 2106 391 2177 comprobata
419 2109 460 2160 est
478 2107 630 2162 coniectura
646 2107 781 2162 Boeclrhii
817 2107 844 2160 Is
863 2108 933 2160 enim
951 2109 1023 2160 recte
1042 2105 1174 2160 divinarat
1191 2105 1244 2159 iam
1261 2104 1456 2175 Thrasybulum

219 2194 332 2247 alterum
357 2192 489 2247 exstitisse
507 2192 651 2247 Aristidem
676 2197 704 2247 et
731 2196 793 2247 ante
819 2209 912 2262 pacem
937 2191 1121 2246 Autalcideam
1146 2191 1225 2245 urbes
1250 2190 1329 2244 maris
1355 2189 1456 2258 Aegaei

222 2279 308 2333 denuo
328 2278 356 2332 in
373 2278 573 2332 Atheniensium
590 2278 684 2333 foedus
703 2282 731 2333 et
748 2279 905 2333 societatem
923 2278 1054 2348 recepisse
1072 2277 1114 2342 (ci.
1133 2277 1166 2331 de
1185 2293 1275 2331 oecon.
1292 2276 1365 2346 publ
1384 2275 1455 2329 civit.

219 2363 316 2418 Athen.
340 2362 369 2416 1⁸
388 2381 413 2433 p.
431 2363 481 2418 491
500 2367 556 2434 sq).
592 2363 672 2418 Cuius
697 2364 804 2433 quidem
830 2364 933 2418 consilii
956 2366 1091 2418 auctorem
1118 2365 1146 2417 et
1164 2379 1300 2416 suasorem
1318 2360 1453 2416 Cononem

216 2448 426 2518 intellegendum
443 2453 502 2503 e'sse
519 2450 573 2504 iam
590 2466 669 2519 supra
686 2449 807 2504 indicavi
843 2450 938 2519 Itaque
957 2448 991 2503 sd
1008 2449 1077 2503 hune
1095 2449 1249 2503 societatem
1267 2447 1341 2501 haud
1352 2447 1406 2502 seio
1419 2463 1454 2500 an

219 2535 404 2605 Aristophanis
429 2535 511 2589 verbs
533 2536 638 2605 possint
664 2534 755 2590 referri
780 2535 831 2604 (vo.
849 2534 898 2590 193
916 2535 997 2605 sqq.):
1021 2533 1050 2587 τό
1076 2532 1237 2604 συμμαχικὸν
1256 2524 1290 2586 αὖ
1307 2530 1387 2596 τοῦθ’,
1416 2527 1454 2586 ὅτ’

217 2618 406 2686 ἐσκοπούμεθα,
426 2621 448 2673 εἰ
466 2620 502 2687 μή
523 2617 619 2687 γένοιτ’,
638 2617 738 2674 ἀπολεῖν
758 2621 869 2688 ἔφασκον
886 2620 933 2685 τήν
951 2620 1039 2673 πόλιν·
1058 2616 1102 2673 ὅτε
1121 2618 1154 2685 δὴ
1174 2616 1197 2674 δ’
1216 2618 1319 2685 ἐγένετ’,
1338 2613 1455 2687 ἤχθοντο,

217 2710 268 2759 τῶν
292 2705 322 2760 δὲ
341 2705 456 2771 ῥητόρων
476 2703 488 2760 ὁ
507 2702 576 2758 τοῦτ’
594 2703 734 2766 ἀναπείσας
752 2702 832 2766 essse
850 2702 963 2771 ἀποδρὰς
982 2700 1072 2775 ᾤχετο.
1108 2705 1273 2774 Quamquam
1291 2704 1349 2758 fieri
1365 2706 1457 2774 potest

218 2795 249 2846 ut
272 2791 306 2846 ad
323 2790 446 2860 Eugorae
469 2794 574 2845 tantum
599 2791 693 2846 foedus
718 2794 746 2846 et
771 2792 915 2846 amicitiam
939 2792 1096 2863 pertineant.
1131 2790 1237 2845 lltenim
1254 2790 1349 2844 rerba:
1376 2790 1397 2841 εἰ
1416 2788 1459 2855 μὴ’

218 2874 325 2944 γένοιτ’,
349 2874 451 2930 ἀπολεῖν
478 2875 589 2944 ἔφασκον
607 2875 653 2943 τὴν
671 2874 743 2930 πόλιν
760 2895 839 2947 posse
857 2878 1043 2932 adoraturum
1061 2877 1170 2932 nimium
1188 2877 1227 2931 rei
1244 2875 1382 2945 augendae
1400 2877 1456 2928 stu-

219 2961 291 3016 dium
316 2961 421 3028 reierri,
447 2963 504 3017 iure
530 2966 623 3018 contra
646 2963 790 3019 Velsenum
815 2964 856 3032 (ct
881 2965 897 3017 i
918 2965 935 3017 l
952 2982 977 3033 p.
994 2963 1055 3032 395)
1074 2963 1177 3018 monuit
1195 2961 1319 3017 Goetzius
1337 2960 1379 3026 (cf.
1397 2960 1455 3015 Act

219 3049 270 3103 vol
287 3048 333 3114 Vl,
350 3043 375 3119 p.
393 3048 462 3116 343).

285 3134 384 3188 Verum
402 3134 468 3189 haec
487 3134 593 3204 quidem
611 3152 654 3190 res
672 3137 733 3189 utut
751 3153 779 3190 se
797 3135 886 3202 habet,
904 3135 998 3189 verba:
1026 3139 1077 3187 τῶν
1095 3134 1124 3187 δὲ
1143 3131 1257 3200 ῥητόρων
1276 3129 1290 3183 ὁ
1308 3128 1376 3185 τοῦτ’
1395 3128 1454 3184 οἰνο-

216 3220 308 3279 πείοας
334 3218 413 3278 etsie
439 3217 553 3285 ἀποδρὰς
580 3215 662 3289 ᾤχετο
688 3239 704 3275 a
729 3221 873 3276 scholiasta
898 3237 956 3275 esse
980 3224 1052 3276 recte
1071 3220 1104 3275 de
1123 3220 1231 3276 Conone
1249 3223 1372 3290 accepta,
1398 3217 1455 3271 iure

214 3309 310 3361 'cenna
328 3307 500 3372 Brunckium,
527 3307 678 3372 Geetzium,
703 3307 769 3361 ahos
795 3324 853 3362 cum
880 3307 972 3361 Zsstra
997 3307 1040 3376 (cf.
1066 3308 1106 3361 De
1129 3308 1265 3377 Aristoph.
1291 3304 1455 3361 Ecclesiszu·

220 3408 308 3446 sarum
333 3392 439 3446 fabulae
464 3396 584 3461 tempere
611 3395 639 3446 et
664 3393 774 3447 consilio
801 3410 827 3462 p.
855 3394 887 3447 14
914 3394 961 3462 sq.)
987 3394 1053 3447 mihi
1078 3393 1169 3447 videor
1187 3396 1312 3447 statuere.
1347 3390 1454 3444 Etenim

218 3493 354 3530 versamur
377 3477 405 3530 in
430 3477 530 3531 comico
557 3480 653 3547 poeta,
677 3494 732 3531 nou
756 3477 785 3532 in
802 3494 890 3531 rerum
916 3479 1057 3548 scriptore,
1080 3479 1131 3533 hee
1157 3482 1199 3533 est
1224 3477 1377 3533 tenendum.
1420 3476 1457 3529 Et

217 3564 276 3616 toto
310 3562 384 3616 caelo
410 3565 511 3627 errant,
543 3563 588 3631 qui
613 3563 660 3616 illa
684 3563 765 3617 verba
790 3567 900 3618 censent
925 3581 984 3618 eam
1011 3564 1044 3619 eb
1071 3581 1126 3619 rem
1152 3582 1206 3619 nen
1230 3580 1309 3634 pesse
1333 3561 1456 3631 intellegi

217 3647 250 3702 de
269 3646 384 3713 Conone,
409 3648 472 3717 quia
488 3648 518 3713 is,
544 3648 580 3702 ad
596 3648 746 3703 Tiribazum
765 3666 824 3704 cum
841 3650 1057 3720 proficisceretur,
1083 3668 1131 3705 sua
1149 3653 1251 3721 sponte,
1277 3667 1331 3704 non
1349 3647 1455 3717 fugitivi

216 3750 289 3789 more
322 3734 436 3802 patriam
469 3734 614 3803 reliquerit.
665 3734 750 3803 Im1no
777 3739 840 3790 sunt
865 3736 1007 3802 vertenda,
1040 3740 1071 3790 ut
1099 3738 1236 3790 verterunt
1264 3735 1399 3805 Glypheus
1428 3736 1456 3787 et

217 3819 384 3889 Droysenus·
410 3820 472 3885 „der
489 3819 596 3875 Redner
621 3820 670 3875 hat
694 3822 750 3877 sich
775 3839 822 3875 aus
841 3822 901 3877 dem
920 3822 1004 3876 Staub
1022 3822 1162 3891 gemacht“
1177 3822 1240 3876 vel:
1269 3821 1332 3887 „der
1349 3819 1456 3874 Redner

216 3904 265 3958 hat
289 3905 345 3959 sich
370 3922 416 3959 aus
444 3906 504 3960 dem
522 3906 613 3961 Rauch
639 3908 774 3977 gepaclrt“.
808 3907 885 3961 Nihil
908 3907 991 3976 igitur
1017 3907 1187 3976 conqueritur
1211 3909 1291 3976 poeta
1313 3906 1365 3960 nisi
1382 3905 1455 3974 quod

216 3988 297 4056 Ceno,
322 3991 367 4060 qui
393 3991 529 4046 societatis
554 3992 693 4047 exstiterat
711 3995 808 4058 auctor,
835 3992 952 4047 deseruit
969 3993 1089 4062 patriam,
1116 4010 1175 4047 eum
1192 3995 1302 4064 propter
1319 3990 1455 4045 molestias

216 4075 278 4129 inde
305 4078 408 4130 exortas
436 4077 491 4131 eius
514 4078 656 4148 prudentia
681 4082 709 4131 et
726 4079 886 4132 auctoritate
905 4078 1016 4132 maxime
1035 4081 1107 4132 esset
1124 4095 1195 4141 opus.
1230 4077 1266 4132 llt
1283 4078 1311 4131 ui
1328 4076 1406 4131 fallor
1424 4093 1455 4130 ex

216 4177 248 4216 ea
265 4161 324 4231 ipsa
342 4179 386 4227 re,
411 4164 482 4232 quod
500 4165 547 4232 qui
565 4167 685 4218 suaserat
703 4163 857 4229 consilium,
882 4163 976 4217 leviter
993 4163 1072 4218 modo
1090 4164 1279 4235 perstringitur
1296 4180 1330 4217 ne
1348 4162 1455 4216 nornine

216 4246 324 4316 quidem
350 4247 468 4314 adiecto,
492 4249 620 4304 indicium
644 4250 729 4319 repeti
753 4252 845 4319 potest
863 4248 997 4304 Cononem
1022 4250 1073 4305 hoe
1093 4250 1152 4304 loco
1170 4249 1289 4304 indicari.
1324 4247 1456 4313 Profecto,

215 4333 260 4401 qui
278 4335 387 4403 propter
405 4334 500 4389 merita
517 4334 610 4405 populi
627 4334 715 4403 mutia
733 4334 853 4401 florebat,
877 4335 905 4390 in
923 4335 998 4389 illum
1015 4336 1091 4389 utin
1112 4335 1280 4407 Agyrrhium,
1301 4334 1456 4405 Cephalum,

217 4419 375 4474 Neoclidem
391 4420 481 4475 invehi
498 4423 580 4491 poeta
596 4420 653 4474 iure
671 4420 762 4475 noluit.
