3242 4867
674 152 888 226 ..„...

162 335 330 402 mulieres
353 332 523 421 prodisse.
570 332 652 399 Alia
672 333 765 399 enim
782 342 834 414 est
850 330 948 399 chori
964 330 1001 397 in
1018 329 1212 417 Lysistrata
1227 328 1401 411 condici0,

163 440 225 506 ubi
255 460 359 506 senes
382 448 417 503 et
440 436 602 503 aniculae
626 436 725 522 ipsae
748 436 865 522 ligna,
895 435 1045 515 faculas,
1076 434 1219 520 hydrias
1250 435 1401 501 ferentes

162 540 367 608 adveniunt.
413 539 576 606 Ancillae
599 550 715 606 autem
738 550 773 605 et
795 537 1029 625 pedissequae
1052 536 1257 603 mulieribus
1280 548 1401 604 nostro

162 645 243 712 loco
267 667 340 710 non
363 642 526 710 videntur
549 641 713 709 adfuisse.
759 642 906 708 Nullum
929 639 1022 707 enim
1044 639 1119 706 eius
1136 640 1186 706 rei
1210 651 1322 707 exstat
1344 663 1401 707 ve·

162 747 320 834 stigium,
336 758 371 813 et
383 756 564 831 praeterea
580 767 625 811 ne
642 767 731 831 opus
747 745 890 830 quidem
907 754 981 810 erat
996 744 1205 809 famularum
1221 742 1401 825 auxilium,

162 851 194 918 si
228 852 419 917 Choreutae
448 872 520 915 non
552 848 788 914 adveniebant
810 846 960 933 singuli,
991 848 1055 914 sed
1076 845 1151 912 bini
1173 846 1230 913 vel
1252 846 1343 912 temi
1366 858 1401 913 et

165 955 257 1021 inter
279 974 357 1020 sese
381 952 605 1019 adiuvabant.

253 1057 325 1123 Sed
349 1055 417 1122 iam
440 1065 578 1141 tempus
601 1066 655 1122 est
676 1053 800 1134 redire,
835 1055 929 1120 unde
953 1052 1104 1140 digressi
1126 1074 1257 1119 sumus
1304 1050 1402 1119 Vidi·

165 1183 245 1227 mus
278 1159 387 1246 igitur
409 1159 484 1225 veri
506 1157 721 1225 simillimum
744 1179 822 1224 esse
845 1159 1031 1224 choreutas
1055 1178 1127 1221 non
1150 1155 1310 1241 prodisse
1333 1154 1402 1221 sin·

164 1263 281 1348 gulos
305 1264 367 1329 sed
391 1261 590 1347 complures
615 1283 685 1326 una
701 1259 910 1327 coniunctos
926 1261 971 1324 ad
986 1280 1150 1326 scaenam
1167 1258 1402 1340 contendisse,

167 1365 203 1431 id
228 1363 452 1451 quodetiam
476 1386 517 1430 ea
540 1386 577 1430 re
601 1365 860 1449 comprobatur,
888 1364 984 1449 quod
1007 1363 1103 1447 apud
1127 1360 1402 1447 Aristophanem

166 1491 204 1536 re
227 1490 311 1535 vera
335 1467 513 1535 Clinarete
536 1478 570 1534 et
594 1467 752 1533 Sostrate
775 1477 809 1532 et
831 1465 1036 1531 Philaenete
1060 1475 1166 1550 atque
1184 1463 1402 1531 Philodoreti

169 1582 204 1638 et
221 1570 452 1637 Chaeretadis
476 1592 603 1636 uxores
619 1570 784 1636 dicuntur
800 1590 871 1634 una
887 1567 1082 1635 advenisse.
1128 1567 1285 1652 Itemque
1301 1566 1405 1633 etiam

167 1673 388 1741 Geusistrate
412 1675 568 1759 putanda
591 1683 644 1739 est
667 1695 746 1739 cum
777 1671 891 1738 amica
919 1670 1037 1757 aliqua
1060 1670 1269 1751 accessisse,
1301 1691 1403 1755 quae,

166 1800 248 1845 cum
271 1776 332 1842 illa
355 1777 534 1843 lucernam
558 1777 701 1842 dextera
723 1786 875 1856 teneret,
905 1786 1039 1861 partem
1062 1772 1209 1839 aliarum
1232 1795 1348 1839 rerum
1371 1772 1404 1838 ei

166 1879 446 1947 necessariarum
472 1877 540 1946 sibi
571 1878 794 1965 imposuerat.
849 1878 929 1943 Iam.
954 1876 1150 1943 Melistiche
1175 1898 1239 1943 cur
1260 1876 1337 1942 sola
1359 1876 1405 1941 ad

166 2005 333 2052 scaenam
364 1982 485 2064 adiret,
517 2005 597 2049 cum
619 2004 728 2067 supra
750 1979 1027 2067 exposuerimus,
1057 1981 1162 2065 plane
1185 1978 1274 2044 nihil
1297 1979 1403 2044 credo

168 2090 325 2168 obstare,
358 2085 546 2172 quominus
580 2107 765 2151 numerum
799 2085 971 2170 pluralem
1004 2107 1034 2148 v.
1067 2101 1105 2165 31
1139 2084 1330 2148 referamus
1357 2081 1402 2145 ad

168 2191 259 2257 duos
276 2190 381 2256 modo
398 2190 594 2269 choreutaS,
612 2187 674 2274 qui
689 2210 761 2253 una
777 2187 1005 2253 intraverunt.
1029 2187 1104 2252 Cur
1119 2185 1164 2250 ad
1180 2184 1276 2270 ipsos
1292 2184 1403 2249 duos?

167 2293 245 2359 iure
267 2291 512 2377 interrogabis.
559 2290 663 2375 Quia,
685 2290 716 2357 si
739 2292 827 2357 haec
842 2288 1017 2356 sententia
1032 2288 1090 2354 cui
1106 2290 1285 2374 probatur,
1308 2286 1403 2352 haud

167 2395 261 2477 scin,
293 2418 339 2460 an
368 2393 534 2461 facillime
566 2404 813 2460 removeantur
842 2392 1064 2459 difficultates
1087 2391 1279 2476 quaedam,
1312 2411 1403 2475 quae

167 2499 289 2566 insunt
319 2498 355 2563 in
385 2518 474 2563 voce
496 2492 702 2583 προσιόντων
725 2496 769 2578 (ν.
794 2497 849 2578 31)
880 2496 926 2560 ad
955 2493 1179 2560 mulierculas
1210 2493 1402 2559 referenda.

168 2604 262 2668 Nam
299 2600 364 2668 etsi
398 2622 469 2666 non
501 2600 629 2666 desunt
658 2599 835 2685 exempla,
875 2598 1004 2684 quibus
1035 2596 1208 2663 evincitur
1237 2618 1258 2661 a
1289 2594 1403 2681 poetis

168 2703 319 2771 maxime
350 2701 510 2770 adhiberi
540 2702 714 2769 interdum
743 2702 916 2788 pluralem
942 2723 1126 2767 numerum
1149 2697 1291 2785 generis
1314 2719 1402 2763 mas·

169 2807 279 2875 culini
311 2830 375 2893 pro
404 2828 536 2893 genere
566 2805 813 2889 femininov),
846 2816 962 2872 tamen
986 2815 1105 2871 nostro
1128 2802 1208 2869 loco
1230 2800 1328 2866 nulla
1351 2810 1404 2866 est

168 2933 278 2978 causa
308 2909 505 2995 perspicua,
538 2931 601 2975 cur
623 2919 727 2993 poeta
750 2907 934 2975 recesserit
956 2931 977 2972 a
999 2904 1265 2984 consuetudine,
1298 2925 1404 2989 quarn

168 3013 278 3100 paulo
310 3012 454 3079 inferius
478 3012 522 3094 (v.
547 3013 601 3094 52)
631 3020 683 3076 est
715 3021 867 3076 secutus.
922 3010 1029 3094 Quod
1054 3006 1259 3093 Blaydesi0,
1292 3017 1330 3071 ut
1353 3017 1406 3071 est

168 3115 450 3184 coniecturarum
475 3112 733 3199 cupidissimus
748 3112 834 3179 satis
849 3111 914 3176 fuit
930 3131 1068 3190 causae,
1084 3120 1123 3175 ut
1134 3108 1251 3194 priore
1263 3128 1406 3193 quoque

168 3219 249 3286 loco
278 3216 446 3285 scriberet
477 3216 693 3304 honoraverim.
740 3216 873 3282 Verum
900 3224 1017 3279 tamen
1040 3234 1121 3278 cum
1143 3232 1247 3277 nemo
1270 3208 1405 3276 nesciat

168 3323 300 3388 formas
332 3319 446 3387 dualis
477 3318 614 3386 numeri
646 3316 788 3404 generis
818 3314 978 3384 feminini
1004 3336 1080 3382 esse
1103 3313 1253 3380 rariores
1276 3323 1310 3378 et
1332 3312 1404 3398 ple-

169 3446 319 3510 rumque
342 3421 563 3510 compensari
585 3420 706 3489 formis
730 3419 895 3488 masculis
910 3421 972 3502 69),
996 3418 1092 3485 velut
1114 3418 1159 3482 ab
1176 3415 1253 3503 ipso
1270 3414 1404 3482 Aristo-

168 3529 288 3613 phane
319 3526 356 3591 in
386 3526 480 3592 Pluti
509 3549 540 3591 v.
574 3538 635 3607 512
669 3534 703 3590 et
734 3522 770 3590 in
794 3523 927 3590 Eccles.
959 3544 990 3587 v.
1018 3520 1118 3601 1106,
1149 3518 1211 3585 ubi
1235 3517 1405 3585 Cobetius

168 3629 356 3697 articulum
386 3649 528 3716 quoque
551 3626 637 3695 mihi
660 3626 799 3694 videtur
822 3637 915 3693 recte
939 3627 1170 3704 mutasse⁷⁰),
1201 3623 1297 3688 haud
1320 3621 1405 3703 sci0‚

169 3755 216 3800 an
246 3743 368 3800 nostro
398 3753 540 3819 quoque
563 3731 642 3799 loco
665 3727 1047 3810 facillimamutatione
1072 3750 1136 3814 pro
1163 3721 1403 3812 »προσιόντωνι

171 3836 220 3903 sit
241 3835 496 3902 restituendum
522 3830 781 3920 »ripoariorum«.
825 3833 919 3899 Nam
942 3831 978 3897 in
1001 3829 1130 3918 plurali
1152 3850 1298 3895 numero
1326 3849 1408 3893 con·

172 3937 293 4004 iuncto
323 3959 404 4003 cum
434 3936 530 4003 duali
560 3936 649 4002 nihil
680 3946 733 4003 est
755 3935 1005 4002 offendendum
1029 3933 1085 4015 (cf.
1110 3932 1176 3999 Av.
1200 3955 1231 3998 v.
1249 3949 1288 4014 4:
1323 3922 1405 3994 ἀπο-

243 4210 288 4281 68)
307 4208 345 4268 cf.
364 4211 394 4266 G.
412 4210 558 4266 normanni
575 4208 694 4266 adnant
712 4210 747 4265 ad
758 4209 884 4280 Vigerum
902 4227 927 4279 p.
939 4208 989 4263 715
1008 4211 1036 4264 et
1053 4208 1087 4264 ad
1100 4206 1206 4278 Orphic.
1225 4206 1313 4276 hymn.
1326 4204 1366 4270 78,
1378 4203 1395 4257 t
1400 4225 1408 4270 3

171 4298 308 4354 Kuehneri
326 4299 464 4369 grammat
483 4296 574 4352 draeo.
594 4298 644 4353 vol.
661 4297 690 4351 ΙΙ
707 4313 732 4368 p.
751 4296 783 4352 73
802 4313 840 4365 sq.

241 4385 285 4453 69)
303 4384 342 4440 Gi.
359 4383 490 4438 Kuohuar.
508 4382 525 4437 l.
542 4383 559 4438 l.
577 4383 628 4438 vol.
646 4383 660 4437 I
677 4401 702 4454 p.
720 4382 771 4438 464
789 4382 849 4437 adn.
867 4383 891 4443 3,

239 4471 283 4542 70)
303 4470 341 4526 Oi
359 4470 488 4525 Mnemon
507 4469 556 4523 vol
574 4469 603 4523 ΙΙ
620 4486 645 4542 p.
663 4469 721 4525 219.
