3242 4867
677 187 719 213 tn
763 163 810 249 42)
852 186 893 209 aaa

168 353 253 439 apte
277 346 421 438 quidem
444 364 607 439 poterant
622 352 800 420 commixti
817 374 897 420 cum
913 353 1021 419 choro
1038 342 1214 438 proficisci
1228 349 1289 433 88).
1336 333 1404 416 Cui

167 454 240 520 iam
282 457 327 521 de
363 477 493 523 scaena
523 467 597 523 erat
629 455 916 522 descendendum
948 453 984 519 in
1013 455 1228 521 orchestram
1258 464 1293 520 et
1322 451 1405 519 inde

166 557 326 622 carmine
363 559 503 623 demum
534 557 638 624 senili
666 559 852 624 decantato
884 557 1086 623 abeundum
1117 557 1161 621 ad
1194 555 1403 623 contionem.

167 659 294 745 Itaque
319 662 523 744 Praxagora
552 672 646 728 recte
677 660 735 726 via
765 660 877 727 tendit
907 660 952 725 de
977 681 1107 726 scaena
1129 660 1174 725 ad
1198 680 1348 745 pnycem
1371 668 1407 724 et

166 772 315 828 excusat
338 761 485 827 aliarum
509 763 695 829 mulierum
718 762 910 848 agrestium
933 773 1121 842 catervam,
1144 760 1308 826 nimirum
1324 771 1406 827 ante

167 863 373 931 contionem
397 865 431 929 in
456 864 532 950 ipsa
555 864 613 930 via
636 866 887 932 instruendam.
934 865 1036 949 Quae
1059 864 1201 951 quidem
1225 863 1260 928 in
1276 884 1406 931 scaena

166 965 226 1031 vel
259 968 439 1032 orchestra
468 989 541 1033 non
572 979 625 1034 est
653 979 830 1053 spectata,
869 967 905 1033 id
932 968 1030 1053 quod
1057 965 1125 1032 sibi
1155 975 1406 1051 persuaserunt

168 1067 348 1152 Bergkius
371 1079 408 1134 et
431 1068 649 1136 Arnoldtius.
696 1071 787 1136 Nam
810 1081 950 1155 praeter
973 1068 1052 1149 alia,
1084 1090 1175 1154 quae
1198 1079 1322 1135 contra
1344 1088 1405 1134 eos

167 1169 306 1236 monuit
322 1171 462 1238 Muffius
474 1175 537 1253 8¹³),
561 1170 700 1238 illorum
723 1172 897 1239 sententia
920 1171 1006 1238 mihi
1021 1170 1164 1257 quidem
1180 1170 1319 1237 videtur
1333 1192 1406 1237 non

167 1294 275 1359 posse
307 1294 379 1338 non
409 1273 597 1342 concidere
630 1285 774 1361 propter
790 1277 791 1282 ’
805 1295 931 1342 vocem
962 1268 1120 1358 ἄντικρυς.
1181 1273 1405 1358 Quamquam

169 1375 361 1441 scholiasta
378 1377 565 1443 Ravennas
589 1399 664 1443 eam
689 1380 757 1443 hoc
780 1378 860 1444 loco
884 1400 948 1463 pro
968 1369 1120 1441 ›airino‹
1139 1374 1328 1441 arbitratur
1345 1396 1407 1461 po·

169 1476 272 1543 sitam
296 1498 382 1544 esse.
429 1479 501 1545 Sed
524 1501 616 1564 quae
639 1479 729 1545 iusta
753 1478 915 1545 abeundi
930 1501 1038 1546 causa
1060 1478 1184 1545 fuisset
1203 1478 1407 1563 Praxagora

167 1578 320 1665 aliisque
358 1579 606 1662 histrionibus,
645 1582 676 1649 si
712 1581 875 1647 statim
916 1583 961 1648 ad
993 1579 1194 1648 contionem
1226 1578 1406 1646 venissent

167 1680 304 1748 amicae
348 1683 520 1751 rusticae?
573 1685 701 1751 Nonne
741 1683 817 1751 iure
856 1695 1077 1771 exspectares
1112 1683 1190 1750 illos
1223 1680 1340 1768 potius
1369 1680 1406 1747 in

167 1806 298 1850 scaena
322 1786 541 1868 remansisse,
565 1798 604 1854 ut
626 1809 706 1853 cum
729 1787 998 1855 advenientibus
1022 1786 1071 1853 ibi
1094 1785 1211 1853 statim
1226 1784 1405 1871 colloque·

169 1888 314 1951 rentur?
343 1877 493 1954 ¹Verum
515 1886 546 1954 si
569 1900 664 1955 recta
687 1888 744 1953 via
768 1888 849 1955 illae
872 1889 1082 1956 dicebantur
1097 1889 1252 1969 tendere,
1277 1888 1406 1952 Praxa-

169 2010 260 2073 gora
292 2000 373 2074 apte
401 2012 486 2056 sane
513 2000 650 2075 poterat
673 1990 786 2071 abire,
818 2002 856 2056 ut
878 1990 1009 2058 amicas
1032 1991 1069 2057 in
1092 1990 1149 2057 via
1172 1989 1350 2076 exciperet
1372 2000 1407 2055 et

169 2112 251 2156 cum
281 2090 349 2157 illis
373 2113 524 2177 quoque,
557 2091 762 2178 priusquam
785 2093 830 2158 ad
853 2114 1005 2178 pnycem
1028 2091 1280 2179 pervenissent,
1312 2112 1405 2157 com·

168 2192 366 2259 municaret
392 2194 548 2261 consilia.
595 2197 781 2261 Praeterea
804 2207 922 2261 autern
945 2218 988 2262 ex
1010 2194 1143 2262 verbis:
1167 2191 1202 2271 ἐς
1223 2191 1279 2279 τὴν
1303 2186 1404 2258 rrr'rrr'

168 2291 261 2382 ἥξειν
285 2295 360 2363 iure
390 2295 476 2361 mihi
498 2297 621 2364 videor
644 2296 777 2384 aliquid
801 2297 969 2384 praesidii
991 2300 1037 2365 ad
1058 2296 1269 2365 sententiam
1291 2318 1404 2362 meam

171 2399 449 2465 confirmandam
473 2411 640 2486 repetere.
687 2403 778 2468 Nam
801 2393 832 2467 si
855 2423 918 2487 per
941 2403 1166 2481 orchestram,
1194 2410 1232 2467 ut
1254 2399 1305 2465 illi
1328 2398 1404 2486 qui·

170 2501 251 2566 dem
273 2512 481 2583 statuerunt,
504 2514 564 2569 aut
588 2525 651 2589 per
665 2526 830 2570 scaenam
846 2503 1010 2572 mulieres
1025 2503 1177 2571 rusticae
1193 2503 1238 2568 ad
1254 2523 1405 2588 pnycem

170 2603 444 2686 contendissent,
457 2616 552 2672 certe
564 2607 736 2674 adventus
746 2628 865 2673 earum
882 2618 974 2674 esset
988 2605 1245 2693 spectatoribus
1261 2628 1283 2671 a
1298 2615 1402 2690 poeta

172 2707 218 2772 de
248 2727 346 2772 more
378 2705 561 2775 indicatus.
615 2710 659 2775 Et
686 2731 771 2776 sane
794 2709 918 2778 fuisset
947 2709 1051 2777 facile
1074 2731 1139 2797 pro
1162 2705 1196 2785 ἐς
1217 2705 1275 2771 riv
1297 2702 1406 2771 πύκνα

169 2808 325 2875 scribere
348 2805 506 2875 ἐνταυθοῖ
526 2811 581 2877 vel
605 2812 674 2879 tale
697 2811 800 2897 quid,
829 2835 900 2898 quo
924 2814 1187 2882 attenderentur
1212 2808 1404 2877 Athenien·

170 2933 263 2977 stum
285 2933 402 2978 animi.

258 3014 360 3097 Quae
383 3037 463 3081 cum
487 3015 534 3082 ita
556 3015 636 3096 sint,
661 3018 909 3083 choreutarum
933 3017 1046 3084 exitus
1069 3037 1147 3083 mea
1169 3015 1312 3101 quidem
1327 3034 1404 3081 sen·

170 3115 281 3181 tentia
312 3138 350 3182 se
373 3116 496 3184 habuit
520 3118 576 3184 ita.
624 3120 816 3204 Postquam
847 3118 1034 3187 histriones
1058 3117 1221 3185 abierunt
1243 3116 1278 3183 id
1301 3115 1406 3182 etiam

172 3229 366 3300 monentes,
395 3241 440 3285 ne
463 3219 595 3286 diutius
618 3223 808 3287 choreutae
832 3232 969 3307 tempus
992 3230 1153 3300 tererent,
1184 3219 1405 3305 coryphaeus

171 3320 241 3386 iam
257 3332 373 3406 partes
389 3344 471 3388 suas
487 3322 652 3409 suscepit.
699 3322 771 3407 Qui
787 3326 871 3390 dum
887 3323 1012 3390 iterum
1028 3321 1191 3389 mulieres
1207 3342 1404 3389 commone·

172 3422 277 3501 facit,
308 3434 346 3489 ut
375 3424 470 3491 viros
492 3447 570 3492 sese
594 3447 671 3493 esse
693 3447 833 3513 semper
854 3425 925 3492 sint
947 3446 1134 3505 memores,
1163 3446 1244 3491 cum
1267 3422 1338 3489 illis
1361 3424 1406 3489 de

173 3524 312 3611 pulpito
335 3526 518 3593 descendit
541 3527 577 3593 in
600 3529 825 3595 orchestram.
872 3528 953 3612 Quo
977 3539 1163 3614 postquam
1186 3548 1309 3594 omnes
1328 3547 1405 3612 per·

173 3639 367 3709 venerunt,
398 3631 527 3697 chorus
558 3631 602 3697 de
634 3653 730 3697 more
754 3630 885 3718 incepit
912 3642 1053 3697 cantare
1076 3641 1111 3696 et
1133 3639 1239 3696 cantu
1262 3640 1406 3716 peracto

173 3751 237 3815 per
268 3734 469 3798 orchestrae
500 3732 633 3812 aditum
664 3732 825 3801 discessit
856 3734 900 3799 ad
924 3732 1124 3801 contionem
1148 3732 1184 3798 in
1207 3752 1322 3818 pnyce
1345 3732 1406 3796 ha·

175 3833 337 3899 bendam.

263 3936 364 4020 Quae
394 3937 425 4003 si
454 3937 639 4005 statuimus
662 3979 702 3987 —
726 3951 760 4005 et
786 3938 941 4004 fabulam
964 3960 1036 4005 non
1058 3958 1136 4005 esse
1158 3948 1273 4004 actam
1295 3934 1413 4017 aliter,·

177 4037 343 4125 equidem
373 4041 487 4106 habeo
518 4062 725 4126 persuasum
748 4082 788 4091 -
812 4062 934 4134 omnes
956 4040 1177 4108 difficultates
1200 4039 1304 4107 simul
1326 4050 1409 4106 sunt

245 4207 289 4277 88)
306 4208 393 4263 Aliter
416 4226 444 4263 so
469 4208 553 4263 habat
577 4227 619 4264 ros
636 4210 665 4264 in
681 4208 831 4266 subdurum
849 4211 928 4277 exitu,
953 4210 984 4265 oi
1001 4210 1110 4282 Vespas,
1127 4211 1329 4277 Ecclesium,
1347 4210 1409 4265 Plu·

176 4298 247 4360 tum,
271 4294 318 4350 ubi
335 4312 364 4350 re
381 4294 450 4350 boue
467 4298 577 4365 pernota
595 4298 623 4349 et
639 4295 782 4351 hbhionm
800 4301 829 4350 et
846 4296 988 4350 choreutae
1006 4312 1066 4351 cum
1083 4296 1172 4368 aliqua
1190 4294 1408 4350 cantilenarum

176 4379 269 4436 oblata
284 4395 334 4450 per
351 4380 512 4436 orchestram
530 4396 584 4434 uua
602 4379 707 4435 abeunt

246 4463 290 4536 89)
309 4462 347 4521 Cf.
364 4464 382 4522 1.
399 4465 416 4521 l
433 4482 457 4539 p.
478 4466 526 4520 171
545 4480 583 4539 sq.

1187 4551 1204 4612 4
