3242 4867
729 174 943 240 ..42-

213 343 422 411 sententiam
455 356 541 429 puto
564 367 641 412 esse
664 345 781 412 adhuc
805 346 994 431 prolatam,
1025 369 1118 432 quae
1140 369 1221 414 cum
1243 346 1382 426 fabula,
1416 356 1454 412 ut

214 458 267 514 est
290 458 378 528 acta,
401 449 506 534 plane
529 459 750 533 congrueret.

301 551 355 617 Ac
386 550 537 636 primum
570 550 713 637 quidem
746 553 790 618 de
821 550 921 618 chori
944 552 1088 618 introitu
1111 552 1290 620 nonsatis
1314 562 1454 619 constat

215 653 305 722 inter
343 652 437 720 viros
468 654 601 721 doctos.
663 654 825 740 Apparet
856 653 950 721 enim
980 677 1023 721 ex
1055 680 1086 722 v.
1117 673 1155 738 31
1189 654 1355 721 feminam
1391 655 1453 721 illa

214 758 322 823 verba
349 756 570 841 loquentem,
601 778 694 842 quae
726 779 814 823 sane
844 767 919 824 erat
949 780 969 824 e
1000 759 1126 839 chor0,
1158 781 1230 824 non
1262 757 1452 825 advenisse

162 880 165 885 ·
212 859 334 939 solam,
358 880 474 945 neque
496 869 623 939 tamen,
647 881 738 945 quae
755 859 851 927 illius
865 860 995 927 fuerint
1011 860 1166 941 comites
1190 860 1451 946 cognoscimus.

110 966 113 974 '
213 963 336 1047 Itaque
359 961 575 1043 exstiterunt,
599 961 660 1048 qui
681 973 761 1049 post
778 964 1004 1048 Praxagorae
1020 963 1214 1029 orationem
1231 987 1262 1029 v.
1279 981 1324 1046 30
1338 974 1452 1030 totum

213 1066 359 1132 chorum
393 1065 449 1131 vel
480 1064 736 1132 hemichorium
765 1077 961 1132 statuerent
983 1065 1146 1133 introisse
1169 1078 1205 1134 et
1227 1065 1391 1133 introisse
1415 1066 1450 1132 in

213 1169 508 1252 orchestram60),
548 1190 628 1234 cum
659 1167 719 1234 alii
750 1171 897 1235 chorum
928 1180 1113 1236 censerent
1142 1191 1307 1238 scaenam
1346 1192 1451 1236 occu·

216 1272 391 1357 passe01).
439 1271 571 1337 Verum
587 1281 711 1337 neutra
726 1271 901 1339 sententia
918 1270 1003 1336 mihi
1020 1271 1159 1337 videtur
1174 1273 1369 1358 probanda,
1385 1274 1450 1338 sed
1488 1317 1491 1322 -

211 1372 474 1440 assentiendum
499 1372 635 1453 Beeri0,
659 1373 721 1458 qui
744 1384 838 1440 recte
862 1373 949 1440 dixit
972 1396 1031 1440 eas
1047 1374 1142 1461 ipsas
1158 1374 1333 1454 mulieres,
1357 1397 1450 1460 quae

210 1477 255 1542 ad
280 1478 522 1562 Praxagoram
546 1476 780 1557 conveniunt,
811 1488 934 1562 postea
958 1477 1116 1543 effecisse
1140 1480 1359 1561 chorum⁶²).
1406 1479 1451 1542 Et

212 1580 368 1665 profecto
400 1601 481 1646 cum
511 1601 617 1644 unam
648 1580 753 1645 modo
784 1580 964 1646 lucernam
995 1580 1213 1665 prospiceret
1244 1581 1450 1664 Praxagora

212 1682 387 1768 uniusque
419 1683 525 1748 modo
556 1681 622 1747 viri
645 1684 836 1748 adventum
858 1682 1098 1769 suspicaretur
1121 1707 1177 1749 vv.
1201 1698 1241 1763 27
1264 1705 1359 1768 sqq.‚
1392 1681 1451 1748 vix

212 1784 395 1851 oculorum
419 1784 626 1871 auriumque
642 1807 767 1852 sensus
783 1785 909 1852 habuit
923 1797 993 1852 tam
1009 1787 1155 1853 hebetes
1170 1796 1277 1871 atque
1293 1786 1449 1865 obtusos

211 1898 250 1958 ut
272 1909 344 1952 non
366 1886 512 1953 sentiret
534 1887 644 1954 multo
668 1888 787 1974 plures
809 1888 959 1955 feminas
974 1928 1015 1936 —
1031 1887 1219 1954 duodecim
1241 1887 1299 1954 vel
1322 1886 1450 1971 viginti

212 1999 378 2074 quattuor
408 2030 449 2037 —
479 1990 776 2076 appropinquare.
834 1992 925 2056 Nam
956 1990 1075 2076 plures
1107 2012 1250 2076 quoque
1271 1979 1450 2056 'lucernae

210 2102 327 2158 essent
350 2091 544 2173 adhibitae,
575 2092 673 2160 utin
698 2093 827 2180 Vespis
850 2095 906 2176 (cf.
931 2118 985 2160 vv.
1011 2112 1083 2178 219,
1107 2108 1179 2176 255,
1211 2093 1299 2176 262),
1321 2091 1351 2159 si
1375 2103 1449 2158 toto

210 2197 319 2263 choro
348 2195 404 2261 vel
437 2194 656 2263 hemichorio
687 2197 752 2263 fuit
781 2197 838 2262 via
870 2197 1087 2263 illustranda.
1134 2196 1173 2263 Si
1198 2218 1283 2262 vero
1306 2194 1450 2261 adveni·

211 2308 310 2365 entes
333 2298 564 2366 tetendissent
587 2301 632 2365 ad
655 2301 882 2381 orchestram,
907 2311 945 2366 ut
967 2299 1018 2365 illi
1041 2300 1240 2380 voluerunt,
1263 2321 1336 2364 non
1353 2308 1451 2364 recta

211 2399 269 2466 via
298 2401 344 2466 ad
376 2400 487 2487 ipsam
509 2424 694 2482 scaenam,
725 2424 789 2469 cur
811 2403 963 2469 latebras
987 2401 1111 2488 petivit
1135 2402 1360 2487 Praxagora?
1407 2402 1452 2467 Et

212 2526 296 2569 num
319 2504 395 2570 fieri
417 2515 564 2590 poterat,
588 2516 626 2571 ut
649 2527 741 2591 quae
764 2507 970 2572 versabatur
994 2505 1029 2571 in
1046 2504 1194 2591 pulpito,
1218 2516 1299 2590 apte
1316 2503 1451 2570 diceret

211 2629 249 2673 se
278 2605 482 2693 prospicere
513 2608 693 2674 lucernam
725 2608 971 2688 accedentem,
1009 2607 1040 2674 si
1068 2630 1110 2675 ea
1139 2606 1451 2694 appropinquabat

211 2731 274 2795 per
296 2710 498 2775 orchestrae
521 2709 676 2776 aditum?
721 2711 813 2777 Nam
835 2710 866 2777 si
890 2710 958 2776 iam
973 2710 1096 2777 fuisset
1112 2710 1148 2776 in
1165 2710 1242 2795 ipsa
1259 2711 1450 2788 orchestra,

212 2835 292 2878 cum
323 2811 682 2894 animadvertebatur,
718 2824 814 2880 certe
846 2813 950 2880 etiam
974 2813 1080 2894 aliae,
1114 2836 1206 2899 quae
1229 2812 1353 2879 maiori
1376 2834 1451 2876 rnu-

213 2913 338 2981 lierum
367 2937 514 2981 numero
547 2926 647 2982 erant
674 2917 859 2998 ferendae,
889 2939 962 2982 non
993 2927 1156 3002 poterant
1185 2938 1257 2982 non
1280 2913 1393 2981 videri
1416 2924 1452 2980 et

214 3028 395 3103 praeterea
427 3040 447 3082 a
477 3017 735 3103 prodeuntibus
767 3030 860 3086 esset
889 3018 965 3086 visa
997 3020 1210 3103 Praxagora.
1266 3018 1389 3102 Itaque
1412 3038 1451 3081 se

213 3122 390 3187 occultare
427 3119 550 3187 fuisset
588 3143 661 3187 non
701 3124 806 3188 modo
843 3122 984 3202 inutile,
1023 3123 1086 3188 sed
1117 3120 1220 3187 etiam
1253 3119 1451 3185 ridiculum.
1494 3160 1498 3166 -

213 3223 348 3310 Longis
371 3246 455 3290 vero
480 3223 672 3290 intervallis
696 3227 902 3306 choreutas,
934 3224 995 3310 qui
1018 3234 1098 3310 post
1120 3248 1151 3288 V.
1176 3242 1217 3306 29
1241 3220 1452 3300 adveniunt,

213 3325 405 3393 accessisse
429 3338 482 3393 est
505 3325 570 3392 viri
593 3326 882 3410 dissimillimum3
919 3340 953 3393 et
984 3350 1054 3392 una
1084 3349 1145 3392 eos
1175 3348 1252 3392 esse
1276 3325 1453 3410 profectos

212 3427 474 3495 advenientium
506 3428 639 3509 verbiS,
663 3452 755 3515 quae
778 3452 870 3496 unus
892 3430 976 3496 facit
998 3452 1062 3516 pro
1087 3428 1260 3509 omnibus
1292 3427 1377 3494 satis
1402 3427 1453 3491 in·

215 3530 335 3596 nuitur
359 3532 426 3613 (vv.
451 3548 495 3612 30
516 3533 593 3616 sq).

298 3633 400 3717 Quae
424 3656 504 3700 cum
528 3633 576 3700 ita
598 3633 687 3716 sint,
719 3657 797 3701 meo
821 3634 964 3721 quidem
988 3634 1119 3701 iudicio
1145 3633 1213 3699 iam
1236 3631 1324 3698 nihil
1347 3632 1453 3697 relin-

211 3735 347 3823 quitur,
380 3735 447 3803 nisi
479 3748 517 3803 ut
539 3748 733 3805 statuamus
757 3759 891 3824 paucos
914 3739 1019 3804 modo
1043 3740 1229 3804 choreutas
1253 3747 1333 3821 post
1355 3759 1386 3801 v.
1412 3753 1455 3819 29

209 3839 326 3906 adisse
358 3860 492 3926 eosque
520 3840 636 3908 adisse
660 3840 696 3906 in
721 3840 834 3926 ipsam
856 3863 1030 3907 scaenam.
1078 3841 1217 3906 Paucos
1241 3838 1339 3918 dico,
1371 3859 1454 3903 nam

208 3966 281 4009 non
312 3941 420 4008 fuisse
452 3965 578 4024 unum,
609 3945 673 4010 sed
696 3943 833 4029 plureS,
865 3940 1115 4029 pronominum
1145 3936 1236 4027 ἡμῶν
1259 3942 1304 4022 (ν.
1330 3941 1385 4023 31)
1419 3951 1455 4007 et

282 4145 325 4213 00)
345 4144 509 4215 Geppertus:
540 4146 582 4200 De
599 4163 696 4201 scaena
715 4145 806 4201 Graec.
825 4146 924 4215 antiqu
942 4162 967 4215 p.
982 4145 1037 4210 101,
1055 4163 1079 4213 p.
1091 4145 1150 4210 251,
1167 4144 1288 4213 Engerus
1300 4144 1317 4199 l.
1328 4144 1345 4198 1.
1358 4161 1383 4213 p.
1396 4144 1456 4208 257,

210 4231 382 4299 Hornungius
400 4230 416 4284 L
434 4231 451 4284 1
469 4249 494 4301 p.
515 4231 726 4297 mimaritias
744 4231 761 4285 l.
779 4231 796 4285 l.
814 4248 839 4300 p.
853 4231 909 4297 100,
927 4230 1037 4284 Krusius
1055 4231 1083 4284 in
1096 4233 1294 4300 programmate
1306 4229 1454 4284 Flensbur·

214 4316 290 4385 gensi
308 4333 331 4371 a.
350 4316 424 4382 1874,
440 4334 465 4386 p.
483 4318 524 4371 27.

284 4402 328 4471 61)
349 4400 388 4457 cf.
406 4401 631 4458 Schoenbomium
648 4404 667 4456 l.
683 4401 701 4456 1.
718 4420 743 4478 p.
760 4401 819 4468 320,
835 4401 965 4474 Agtbium
982 4402 999 4457 L
1017 4402 1034 4456 l.
1051 4420 1077 4478 p.
1097 4403 1152 4460 170.

284 4487 328 4559 62)
349 4486 387 4543 Oi
404 4486 420 4542 1.
439 4486 455 4541 l.
473 4504 498 4561 p.
517 4487 575 4547 103.
