3242 4867
720 195 934 293 ..334

208 388 317 480 Quod
337 418 380 463 eo
403 394 518 483 magis
541 407 615 464 erat
637 408 768 484 aptum,
799 398 883 485 quia
906 392 1047 482 ἑμβάδες
1070 393 1268 466 Λακωνικαὶ
1290 388 1441 465 mulieri·

208 501 276 565 bus
311 509 406 565 certe
437 509 536 565 erant
569 498 863 568 inusitatissimae.
909 503 1001 567 Nam
1031 500 1160 588 quibus
1190 502 1351 567 solebant
1382 501 1443 581 uti,

207 600 372 668 cothurni
395 624 466 667 non
489 601 654 668 videntur
675 603 823 670 habenis
847 603 979 671 circum
1003 626 1105 671 crura
1128 626 1206 671 esse
1228 602 1386 690 colligati
1408 615 1444 671 et

207 702 376 784 adstricti,
405 705 469 770 sed
499 703 657 790 proxime
690 705 881 773 accessisse
913 708 958 773 ad
989 716 1109 773 nostra
1132 707 1371 773 calceamenta
1393 704 1442 772 vi-

207 805 286 872 rilia
309 829 412 873 crura
434 816 469 873 et
490 829 591 874 suras
614 806 738 874 latiore
760 807 894 874 ambitu
918 807 1243 891 circumdantiatr).

297 909 420 994 Itaque
452 907 539 974 nihil
573 921 663 991 erat,
694 911 790 996 quod
817 910 992 978 Velsenus
1019 909 1231 977 adiectivum
1255 909 1444 995 παγωνικᾶς

207 1034 273 1099 pro
305 1009 508 1087 Λακωνικὰς
539 1034 560 1077 a
583 1012 802 1080 Schneidero
834 1012 1015 1080 inventum
1048 1013 1083 1080 in
1107 1024 1240 1081 textum
1273 1013 1446 1100 reciperet

206 1139 239 1182 v.
263 1116 328 1198 508
351 1136 587 1201 versuumque
618 1115 742 1182 ordine
774 1126 906 1182 mutato
937 1117 1016 1202 plus
1049 1126 1273 1203 extorqueret
1304 1139 1443 1198 causae,

206 1228 353 1305 propter
383 1240 489 1303 quam
520 1220 766 1285 choreutarum
800 1219 857 1286 vel
896 1218 1113 1286 saltatricum
1153 1242 1295 1306 operam
1330 1219 1443 1306 magis

208 1320 313 1388 etiam
342 1320 577 1387 necessariam
606 1320 715 1388 fuisse
745 1332 891 1408 possent
921 1321 989 1388 sibi
1019 1323 1242 1408 persuadere,
1277 1322 1443 1408 quicum

208 1422 346 1490 Kockio
369 1423 425 1489 vel
449 1422 637 1490 Arnoldtio
660 1423 802 1491 faciunt
838 1427 882 1491 Et
905 1446 982 1491 mea
1005 1424 1148 1511 quidem
1170 1424 1345 1492 sententia
1368 1448 1443 1493 ver·

207 1528 291 1593 bum
313 1522 546 1611 retemptatis
568 1526 612 1608 (v.
637 1529 715 1609 510)
746 1549 818 1593 non
852 1526 1004 1613 pertinet
1034 1529 1079 1594 ad
1111 1550 1243 1593 novum
1266 1529 1444 1614 quendam

205 1630 341 1697 cultum
375 1626 606 1715 habitumque
637 1629 901 1714 perficiendum,
934 1632 997 1697 sed
1029 1632 1075 1697 ad
1104 1629 1257 1715 priorem
1280 1628 1444 1697 vestitum

206 1734 252 1799 de
289 1753 386 1798 more
426 1754 546 1797 rursus
586 1732 869 1816 componendum
902 1743 936 1798 et
969 1743 1124 1799 extrema
1153 1731 1260 1799 vestis
1291 1743 1444 1799 mutatae

205 1832 358 1920 vestigia
396 1833 556 1900 delenda.
617 1834 736 1920 Atque
776 1836 869 1901 hanc
908 1833 944 1900 in
982 1834 1185 1921 opinionem
1219 1834 1335 1922 quivis
1366 1856 1444 1901 earn

205 1959 331 2004 vocem
361 1934 529 2022 accipiet,
563 1934 625 2022 qui
655 1959 726 2004 non
757 1949 1018 2023 praeoccupato
1051 1936 1168 2005 animo
1198 1937 1296 2004 illum
1327 1938 1444 2004 locum

201 2039 345 2124 legerit.

296 2145 429 2210 Verum
451 2140 482 2210 si
505 2142 583 2229 quis
606 2142 691 2210 velit
712 2144 830 2211 facere
852 2165 933 2210 cum
957 2143 1155 2224 Arnoldtio,
1188 2154 1283 2210 certe
1307 2141 1357 2208 illi
1379 2143 1445 2210 erit

209 2247 532 2326 demonstrandum,
565 2268 710 2312 curnam
742 2245 777 2312 in
809 2248 1025 2313 orchestram
1057 2245 1311 2314 hemichorium
1338 2247 1444 2313 modo

208 2348 360 2417 reditum
382 2348 513 2430 fecerit,
538 2347 705 2435 quoniam
722 2360 816 2416 totus
833 2352 961 2416 chorus
977 2348 1059 2416 inde
1076 2360 1151 2416 erat
1166 2350 1355 2435 profectus,
1378 2349 1445 2430 vel,

206 2450 238 2520 si
269 2455 337 2520 hoc
364 2450 458 2518 dicat
487 2461 631 2537 propter
663 2453 902 2538 Praxagoram
934 2474 977 2518 cx
1009 2451 1174 2518 contione
1200 2452 1445 2518 deducendam

206 2556 339 2622 factum
350 2576 428 2621 esse
442 2552 652 2634 necessarie,
670 2576 776 2641 quam
788 2556 835 2622 ob
847 2577 990 2622 causam
1000 2555 1046 2619 ad
1058 2553 1245 2621 duodecim
1259 2552 1445 2620 mulierum

208 2655 374 2724 vestitum
399 2656 551 2742 priorem
576 2656 831 2724 restituendum
862 2656 1007 2724 totidem
1032 2656 1123 2723 aliae
1145 2654 1297 2723 feminae
1320 2666 1402 2741 apte
1425 2678 1446 2721 a

209 2770 315 2847 poeta
346 2757 525 2845 potuerint
554 2758 718 2827 inductae
746 2759 904 2827 indicari.
950 2759 1037 2826 Mihi
1068 2759 1210 2846 quidem
1233 2760 1322 2825 haec
1345 2758 1445 2825 chori

209 2862 402 2930 inducendi
425 2860 513 2928 ratio
536 2861 675 2928 videtur
695 2861 945 2947 Aristophanis
969 2861 1114 2949 ingenio
1138 2860 1320 2947 indignior
1341 2872 1376 2927 ct
1402 2882 1444 2927 eo

209 2965 315 3033 etiam
338 2964 506 3051 ineptior,
538 2963 621 3051 quia
652 2986 695 3030 ex
725 2962 865 3029 illorum
895 2963 1069 3031 sententia
1095 2965 1320 3030 adducuntur
1341 2964 1444 3029 salta·

211 3068 317 3135 trices
348 3069 393 3133 ad
416 3089 489 3134 rem
520 3089 592 3134 non
616 3066 721 3132 modo
744 3064 912 3146 futtilem,
943 3067 1006 3132 sed
1030 3064 1134 3132 etiam
1157 3064 1263 3151 plane
1286 3063 1446 3131 inutilem

209 3172 490 3257 perpetrandam.
537 3171 611 3237 Cur
633 3168 727 3236 enim
750 3170 998 3235 choreutarum
1021 3165 1277 3235 hemichorium
1300 3189 1320 3232 a
1342 3167 1445 3233 salta·

210 3272 356 3340 tricibus
380 3272 582 3360 expeditur,
612 3271 643 3339 si
673 3274 718 3337 ab
751 3271 836 3357 ipsis
863 3282 986 3357 postea
1008 3269 1097 3337 nihil
1120 3269 1293 3337 eiusmodi
1316 3268 1445 3356 agitur,

211 3388 250 3443 ut
273 3399 363 3463 opus
385 3375 431 3443 sit
452 3387 549 3442 veste
575 3377 666 3442 bene
689 3372 906 3460 composita?
951 3375 1061 3440 Immo
1083 3372 1114 3441 si
1137 3382 1242 3459 poeta
1265 3365 1445 3440 adhibuis-

209 3490 264 3546 set
285 3478 502 3546 saltatricum
523 3476 788 3558 hemichorium,
812 3488 908 3544 certe
924 3476 1197 3544 earumaditum
1213 3475 1321 3543 artius
1338 3486 1444 3562 atque

208 3579 373 3648 subtilius
409 3603 489 3647 cum
527 3602 582 3661 re,
619 3601 711 3666 quae
741 3581 932 3666 agebatur,
971 3578 1212 3646 coniunxisset
1245 3578 1301 3661 (cf.
1336 3581 1443 3664 Vesp.

212 3707 269 3749 vv·
297 3698 380 3768 1497
403 3685 504 3769 sqq-l·

279 3920 323 3990 99)
343 3920 381 3976 Ct
406 3920 537 3976 Herodoti
556 3920 760 3992 descriptionem
784 3922 813 3977 in
838 3921 906 3978 libro
924 3921 963 3976 v1
987 3939 1008 3977 e.
1035 3920 1099 3984 125,
1129 3919 1164 3974 ed
1190 3934 1269 3989 quem
1295 3919 1363 3974 bene
1381 3934 1446 3989 qne-

210 4007 290 4063 drant
306 4005 387 4060 verba
410 4006 437 4060 in
455 4024 478 4059 v,
496 4006 558 4062 346:
589 4005 616 4067 ἐς
633 4005 670 4061 τώ
688 4004 805 4073 κοθόρνω
831 4004 867 4059 rel
891 4003 951 4061 πόθ’
976 4005 1058 4066 ἐνθεὶς
1082 4006 1155 4072 ἵεμαι
1180 4007 1209 4059 et
1225 4023 1249 4059 v,
1266 4004 1318 4061 319
1335 4004 1445 4060 verbum

210 4089 355 4161 detinenti
372 4108 389 4146 e
404 4091 536 4146 Meinekie
553 4092 580 4146 in
598 4091 675 4147 vind.
693 4091 827 4163 Aristoph
845 4110 870 4164 p.
888 4093 936 4148 191
954 4109 1007 4148 nen
1018 4095 1091 4148 recte
1104 4091 1270 4162 explicatum.
1304 4091 1400 4161 Itaque
1412 4106 1446 4145 ns

210 4179 377 4247 Praxagorae
389 4177 496 4246 quidem
507 4178 768 4248 tergiversationem:
785 4179 827 4231 im
846 4176 976 4241 toletum
993 4177 1108 4243 σώσαιμι
1125 4194 1149 4231 v.
1166 4177 1218 4233 544
1234 4194 1250 4231 a
1268 4194 1331 4232 vere
1342 4176 1445 4232 ratione

211 4280 270 4318 esse
287 4262 401 4318 ebenum
418 4262 504 4332 quiris
520 4262 668 4332 intelleget
686 4263 731 4333 qui
743 4263 902 4319 nostratium
912 4263 1086 4332 agricolarum
1098 4263 1211 4317 feminas
1223 4262 1320 4317 viderit
1330 4262 1446 4316 virerum

210 4348 396 4404 calceamentis
414 4364 468 4403 non
486 4348 543 4403 sine
560 4363 657 4417 magno
675 4349 757 4404 vestis
775 4348 937 4404 detrimento
954 4348 1001 4403 uti
1030 4347 1155 4404 Ceterum
1175 4347 1206 4402 et
1225 4347 1341 4402 Dierksii
1359 4348 1445 4417 expla-

209 4434 347 4490 nationem
363 4433 381 4490 l.
397 4432 415 4489 l.
432 4450 457 4504 p.
474 4433 514 4488 44.
549 4433 637 4503 Atque
663 4434 805 4489 eothnmes
829 4433 911 4489 fnisse
936 4433 975 4489 its
992 4436 1174 4503 comparatos,
1197 4435 1230 4488 nt
1252 4432 1287 4487 sd
1304 4435 1446 4504 utrumque

210 4518 308 4593 pedem
326 4521 415 4575 essem
432 4519 495 4592 apti,
513 4517 638 4584 docemur
655 4518 825 4585 Theramenis
844 4519 1008 4593 cognomine.
1089 4579 1091 4584 ,
