3242 4867
717 187 761 216 -...
805 176 850 250 30
889 185 934 212 ,ἃ

209 353 270 443 qui
300 353 481 443 dignitatis
511 366 545 422 et
576 354 765 422 maiestatis
797 354 920 441 populi
944 351 1214 421 Atheniensium
1241 350 1447 421 memoriam

209 482 281 526 non
312 460 417 546 plane
446 457 700 545 deposuissent.
758 459 891 523 Verum
923 458 1019 543 quod
1051 457 1195 523 omnino
1229 480 1285 525 res
1316 469 1369 524 est
1399 459 1448 524 ita

200 562 389 649 disposita,
412 573 450 627 ut
473 572 601 646 agatur
623 561 714 626 inter
737 560 832 627 cives
855 561 980 626 eodem
1003 560 1083 626 loco
1106 561 1316 642 habitantes,
1340 572 1447 647 atque

208 688 337 733 scaena
360 688 380 731 a
403 675 476 731 tota
498 666 586 730 urbe
609 664 664 730 vel
687 665 764 729 foro
788 662 932 749 publico
955 662 1025 728 iam
1048 674 1101 729 est
1123 675 1278 730 coartata
1294 675 1328 730 et
1345 664 1447 750 quasi

209 768 398 835 constricta
427 767 464 833 'in
499 766 568 833 vici
599 765 783 833 cuiusdam
816 765 1061 850 angiportum,
1094 767 1163 832 hoc
1193 765 1307 853 ipsum
1331 788 1447 834 rerum

209 869 428 937 inclinationi
459 869 544 935 satis
578 878 630 935 est
661 869 883 935 documento
939 868 1097 953 Itemque
1128 869 1224 954 quod
1255 867 1446 949 histrionis

210 974 310 1041 cuius
342 972 455 1039 exitus
477 971 699 1056 significatur
721 996 752 1037 v.
778 987 855 1054 729,
884 971 1075 1037 adventum
1099 982 1238 1057 praeter
1260 983 1446 1038 consuetu-

210 1077 327 1142 dinem
350 1098 423 1142 non
446 1073 615 1140 indicavit
631 1073 899 1160 Aristophanes,
923 1076 1011 1139 haec
1035 1096 1178 1159 quoque
1201 1096 1256 1140 res
1280 1097 1301 1139 a
1316 1074 1445 1140 fabulis

210 1178 386 1265 prioribus
417 1190 470 1243 est
499 1176 623 1242 aliena.
671 1176 845 1242 Nimirum
877 1186 952 1242 erat
975 1176 1034 1242 ille
1057 1199 1200 1262 quoque
1223 1175 1361 1244 vicinus
1385 1176 1445 1241 ali-

210 1280 307 1367 quis,
338 1280 400 1366 qui
430 1280 525 1346 domi
555 1301 641 1346 suae
673 1278 818 1365 Blepyri
847 1302 927 1345 cum
960 1300 1070 1345 uxore
1094 1278 1248 1364 iurgium
1272 1280 1445 1345 ausculta-

210 1395 308 1449 verat
345 1394 397 1464 et,
434 1405 514 1449 cum
544 1381 773 1468 sycophantis
804 1381 1001 1467 periculum
1031 1380 1214 1447 imminere
1246 1382 1447 1448 exaudisset

209 1487 255 1568 (v.
280 1485 372 1569 562),
406 1485 529 1552 subito.
553 1486 646 1550 foras
677 1506 715 1550 se
745 1483 977 1569 proripuerat.
1031 1485 1148 1568 Quam
1171 1507 1251 1551 cum
1274 1507 1368 1550 nova
1391 1507 1447 1550 co·

209 1587 350 1653 moedia
378 1585 643 1653 similitudinem
675 1586 705 1651 si
734 1586 972 1672 perspexisset
996 1586 1161 1667 Beerius,
1193 1609 1376 1672 nunquam
1398 1588 1445 1651 fa-

210 1690 315 1756 bulae
338 1689 575 1775 integritatem
600 1698 762 1754 vocasset
785 1687 822 1753 in
845 1688 1084 1774 suspicionem
1101 1691 1162 1762 ¹5).

296 1793 414 1877 Atque
456 1791 592 1862 etiamsi
629 1802 734 1876 poeta
771 1789 868 1877 prius
901 1791 1075 1857 interdum
1105 1791 1192 1858 iocis
1224 1801 1464 1857 concesserat¹

209 1897 343 1976 locum,
376 1894 437 1980 qui
460 1916 533 1960 rem
557 1894 669 1979 ipsam
692 1915 764 1959 non
787 1896 1062 1979 promovebant,
1092 1894 1248 1960 velutin
1273 1894 1376 1960 Pacis
1399 1894 1446 1958 fa-

210 1999 293 2063 bula
316 1997 399 2063 inde
422 2018 442 2062 a
464 2021 496 2063 v.
520 1996 601 2081 962,
632 1998 687 2062 vel
712 1997 820 2076 adeo,
851 2006 889 2061 ut
912 1996 1218 2083 intellegerentur,
1248 1995 1446 2082 longiorem

210 2099 399 2186 exigebant
422 2099 523 2184 quasi
555 2098 820 2185 praefationem,
853 2099 950 2164 velut
981 2099 1016 2164 in
1041 2102 1148 2186 Vesp.
1181 2124 1236 2165 vv.
1264 2117 1348 2181 1130
1370 2123 1446 2184 sqq.

210 2203 309 2269 vocis
332 2197 466 2288 ἑριώλης
489 2200 647 2267 iocosum
670 2200 907 2286 veriloquium
930 2204 974 2266 ab
1001 2197 1123 2289 »i‘ptom
1151 2215 1185 2268 et
1211 2196 1364 2285 »Atqu«
1390 2203 1446 2283 (cf.

210 2301 366 2388 ἑξ-ώλης,
398 2300 582 2388 nav-dinc)
614 2303 759 2390 repetit,
793 2314 910 2369 tamen
943 2326 1083 2390 semper
1112 2304 1340 2391 paucioribus
1372 2327 1446 2370 ver-

209 2407 307 2474 sibus
330 2417 430 2472 erant
453 2406 580 2473 inclusi
603 2417 638 2472 et
658 2406 760 2492 quasi
776 2405 982 2473 intercalati.
1029 2408 1159 2473 Nostra
1174 2429 1258 2473 vero
1275 2407 1311 2472 in
1327 2408 1447 2472 fabula

211 2508 382 2575 eiusmodi
423 2508 572 2574 facetiae
609 2519 721 2574 totum
753 2508 896 2595 explent
926 2508 1133 2594 episodium.
1195 2510 1321 2595 Neque
1353 2509 1446 2575 enim

211 2622 324 2677 metus
347 2621 408 2692 est,
431 2633 476 2677 ne
501 2611 580 2696 quis
603 2610 689 2676 mihi
712 2610 788 2677 iure
804 2622 962 2697 opponat
978 2634 1020 2677 ex
1038 2611 1166 2697 Vespis
1182 2636 1236 2677 vv.
1257 2628 1316 2692 137
1333 2634 1446 2697 usque

211 2716 255 2782 ad
278 2737 310 2779 v.
334 2730 418 2794 210,
449 2713 532 2798 quia
555 2736 646 2799 quae
670 2713 719 2779 ibi
742 2714 840 2794 fiunt,
864 2713 1041 2799 pertinent
1063 2715 1109 2779 ad
1133 2714 1371 2781 Philocleonis
1395 2738 1447 2780 ra·

210 2817 304 2883 biem
334 2839 375 2882 ac
406 2815 586 2881 iudicandi
618 2816 845 2901 cupiditatem
876 2817 1113 2903 aperiendam.
1160 2819 1282 2903 Itaque
1305 2819 1350 2883 ad
1374 2840 1447 2883 rem

210 2919 286 2985 sine
316 2919 389 2983 ulla
419 2917 637 2984 dubitatione
665 2918 747 2984 inde
777 2919 911 3005 aliquid
934 2920 1024 2986 lucri
1047 2922 1229 2987 redundat.
1275 2922 1319 2986 Et
1342 2921 1447 3007 plane

212 3023 336 3089 eodem
367 3022 473 3087 modo
503 3043 580 3087 sese
610 3023 717 3087 habet
747 3044 802 3088 res
833 3022 869 3086 in
893 3023 1071 3088 Ranarum
1099 3035 1198 3110 parte
1222 3022 1356 3110 priore,
1386 3023 1448 3088 ubi

211 3125 316 3192 variis
340 3127 462 3206 rebus,
494 3146 585 3209 quae
608 3135 780 3209 aguntur,
814 3135 960 3191 naturae
985 3126 1135 3212 Dionysi
1157 3126 1281 3192 levitas
1305 3137 1340 3192 et
1362 3127 1447 3191 mol-

210 3228 285 3294 litia
315 3227 479 3313 aperitur.
526 3228 656 3293 Nostro
688 3238 805 3293 autem
828 3228 908 3293 loco
932 3228 1011 3313 plus
1034 3251 1139 3314 quam
1162 3229 1347 3314 sexaginta
1370 3249 1448 3295 ver·

103 3418 106 3423 ,
211 3330 308 3398 sibus
331 3331 377 3412 (ν.
402 3348 461 3411 311
485 3370 525 3377 -
541 3352 572 3394 v.
597 3332 674 3412 372)
697 3331 742 3394 ad
765 3351 838 3395 rem
861 3351 906 3395 ne
930 3340 1064 3396 tantum
1088 3332 1231 3417 quidem
1254 3332 1446 3417 proficitur.

211 3432 328 3516 Quam
360 3434 406 3497 ob
437 3452 595 3511 causam,
627 3431 657 3497 si
683 3431 762 3516 quis
786 3431 914 3518 prioris
937 3434 1141 3500 comoediae
1164 3436 1311 3500 formam
1334 3434 1448 3521 expri-

209 3535 374 3599 mendam
402 3532 617 3622 susciperet,
657 3544 750 3599 certe
782 3543 890 3600 totam
922 3537 1014 3601 hanc
1046 3536 1254 3622 particulam
1285 3537 1449 3622 nequiret

209 3659 281 3703 non
313 3637 441 3702 delere.
488 3636 597 3701 Immo
629 3637 727 3702 salva
757 3657 794 3701 re
827 3660 847 3701 a
879 3660 910 3702 v.
943 3655 1009 3719 310
1039 3650 1159 3725 posset
1182 3639 1257 3704 fieri
1280 3639 1448 3705 transitus

210 3741 309 3805 adv.
333 3754 414 3821 372;
445 3758 561 3823 neque
584 3736 777 3823 quidquam
801 3737 1070 3821 desideraretur,
1100 3764 1179 3807 cum
1203 3765 1258 3807 vv.
1283 3758 1347 3822 374
1370 3765 1447 3827 sqq.

210 3841 246 3908 id
268 3840 422 3907 breviter
445 3842 737 3925 comprehensum
761 3851 958 3927 repetatur,
992 3842 1028 3907 in
1052 3866 1123 3928 quo
1146 3843 1273 3929 prioris
1297 3843 1449 3929 episodii

211 3944 325 4010 omnis
346 3942 461 4008 ‘inerat
484 3941 537 4008 vis
560 3942 705 4008 comica.
1248 4005 1251 4011 .

297 4049 370 4111 lam
407 4046 589 4112 videamus
629 4056 755 4111 cetera.
810 4046 930 4131 Atque
964 4069 1056 4131 quae
1087 4059 1284 4133 sequuntur
1315 4048 1398 4114 inde
1429 4073 1450 4115 a

210 4174 241 4215 v.
266 4165 339 4231 372,
362 4152 453 4216 bene
476 4172 555 4215 cum
578 4148 719 4214 fabulae
742 4148 894 4235 prologo
919 4149 1143 4215 consentiunt
1165 4161 1199 4215 et
1223 4173 1367 4217 revera
1391 4175 1448 4218 co-

210 4253 319 4318 lorem
351 4253 541 4319 ostendunt
574 4249 768 4336 antiquum.
817 4252 949 4317 Verum
982 4251 1017 4316 in
1043 4253 1187 4339 Blepyri
1215 4276 1294 4320 cum
1319 4256 1448 4320 Praxa-

281 4475 322 4545 15)
341 4473 381 4530 of.
400 4475 419 4528 l.
439 4474 458 4527 l.
477 4491 503 4543 p.
524 4472 572 4526 106
591 4485 642 4539 sq.;
662 4470 795 4540 lingarum
814 4472 842 4524 in
859 4471 955 4526 Annal.
975 4473 1069 4543 philol.
1089 4474 1141 4528 vol.
1161 4474 1202 4540 68,
1220 4492 1244 4544 p.
1257 4473 1317 4529 258.
