3242 4867
763 152 957 217 ..4-

241 329 317 384 tore
348 317 553 404 Diophanto
577 318 708 404 0196,
739 318 1030 400 2Athenienses,
1063 321 1228 400 Boeotos,
1264 319 1483 400 Corinthios,

241 419 397 506 Argivos
427 431 549 488 contra
578 421 879 488 Lacedaemonios
911 421 1018 488 inisse
1046 420 1190 488 tradidit
1222 421 1401 489 Diodorus
1415 424 1482 506 18).

242 524 320 589 Hac
362 522 497 590 ratione
530 523 664 590 Petitus
701 523 769 590 sibi
806 524 903 591 visus
940 536 992 591 est
1029 523 1178 591 evicisse
1216 524 1483 592 Ecclesiazusas

244 624 300 690 Ol.
323 625 375 710 96,
398 643 431 707 4,
455 625 491 691 id
514 637 566 692 est
589 648 682 692 anno
705 636 787 692 ante
811 625 991 692 Christum
1014 638 1135 692 natum
1159 644 1231 711 392,
1256 626 1292 691 in
1314 648 1482 693 scaenam

242 726 445 794 commissas
462 750 548 795 esse.
573 729 692 814 Atque
708 730 800 794 hanc
817 728 1116 816 computationem
1132 751 1245 814 usque
1261 731 1306 794 ad
1322 741 1481 796 nostram

243 841 395 896 aetatem
418 852 522 897 nemo
544 830 702 917 suscepit
724 830 923 898 accuratius
947 831 1215 897 examinandam
1230 835 1291 914 ¹⁴),
1323 831 1387 897 etsi
1411 831 1482 897 iam

244 931 438 998 Palmerius
452 936 503 1016 15)
534 932 751 1000 indicaverat
780 935 836 1000 vel
870 934 974 1000 Petiti
1004 933 1251 1001 emendatione
1282 936 1481 1020 approbata

239 1034 380 1100 fabulae
410 1056 554 1120 annum·
572 1034 775 1102 natalicium
804 1035 864 1102 vix
893 1058 958 1122 pro
991 1036 1173 1122 explorato
1203 1034 1327 1102 haberi
1359 1057 1476 1122 posse.
1609 1105 1610 1122 ,

242 1136 410 1222 Idemque
423 1136 497 1203 iure
509 1148 687 1218 statuerat,
700 1137 736 1202 in
747 1137 1001 1205 Ecclesiazusis
1013 1137 1097 1223 quia
1109 1137 1224 1203 eidem
1234 1139 1307 1205 fere
1317 1137 1480 1204 homines
1567 1138 1571 1146 ’

242 1248 348 1324 atque
371 1238 406 1305 in
425 1240 528 1306 Pluto
552 1239 749 1321 irridentur,
773 1240 868 1306 illam
891 1241 1046 1307 fabulam
1068 1263 1140 1307 non
1164 1241 1273 1306 multo
1289 1252 1370 1306 ante
1386 1242 1480 1306 hanc
1541 1269 1545 1275 ¹
1609 1231 1610 1234 ¹

242 1340 354 1407 videri
384 1352 498 1408 actam
522 1346 675 1426 esse15).
721 1344 838 1427 Quam
869 1346 914 1409 ad
937 1343 1146 1410 sententiam
1169 1365 1249 1409 cum
1272 1342 1482 1409 accessisset
1609 1325 1610 1348 ¹

243 1443 609 1532 Morgensterniusll)
657 1446 813 1511 fabulam
855 1456 951 1512 ratus
996 1444 1177 1530 „prodisse
1216 1466 1309 1509 anno
1346 1444 1402 1511 Ol.
1435 1459 1480 1529 97

240 1544 353 1632 primo
377 1549 438 1612 a'ut
459 1547 628 1627 secund0,
660 1558 754 1614 certe
778 1559 895 1613 autem
918 1546 1012 1614 circa
1036 1546 1091 1613 Ol.
1111 1549 1185 1632 q7“,
1209 1546 1411 1613 Boeckhius
1425 1548 1478 1629 Π)

241 1649 381 1718 videtur
420 1648 534 1714 Petito
581 1648 815 1736 adstipulatus
855 1671 949 1730 esse,
990 1671 1112 1735 verum
1146 1649 1209 1730 ita,
1250 1660 1288 1715 ut
1326 1648 1479 1715 Ecclesi-

241 1773 364 1817 azusas
387 1752 432 1816 ad
457 1751 512 1817 Ol.
528 1750 571 1836 96
593 1774 724 1817 annum
747 1752 803 1817 vel
827 1751 967 1818 tertium
983 1753 1038 1817 vel
1055 1763 1219 1838 quartum
1235 1751 1356 1838 referri
1372 1773 1478 1837 posse

243 1863 421 1934 censeret,
452 1852 487 1918 id
517 1865 569 1920 est
599 1855 645 1919 ad
675 1876 787 1920 annos
818 1872 879 1939 393
903 1854 959 1920 vel
982 1872 1044 1939 392
1077 1864 1158 1920 ante
1183 1854 1266 1919 Chr.
1291 1876 1324 1919 n.
1350 1854 1477 1938 Neque

244 1954 280 2020 id
303 1954 440 2021 iniuria.
487 1955 625 2021 Etenim
648 1955 678 2022 si
694 1956 754 2022 illa
769 1956 996 2023 adnotatione
1012 1956 1142 2023 utimur
1160 1958 1355 2042 approbata
1372 1955 1477 2021 Petiti

242 2056 446 2124 coniectura
479 2050 705 2143 „usquamst
735 2081 799 2145 pro
822 2055 1101 2143 Λακεδαιμονίων
1122 2058 1382 2139 substituentis,
1413 2059 1476 2123 du·

242 2158 339 2225 bium
369 2182 446 2226 esse
476 2182 548 2225 non
579 2171 695 2247 potest
716 2160 821 2246 quin,
855 2161 1060 2248 priusquam
1082 2163 1128 2226 ad
1152 2160 1302 2226 Diodori
1324 2159 1477 2226 testimo-

243 2261 340 2326 nium
366 2261 632 2347 confugiamus,
662 2264 707 2329 de
730 2285 772 2329 ea
795 2285 833 2329 re
856 2262 901 2329 sit
923 2263 1121 2330 audiendus
1146 2265 1358 2349 Xenophon.
1404 2261 1477 2345 Qui

243 2362 385 2449 quidem
418 2364 508 2430 inter
530 2364 767 2432 Athenienses
793 2376 829 2431 et
852 2367 1006 2432 Boeotos
1030 2365 1099 2430 iam
1122 2376 1225 2430 ante
1247 2386 1406 2450 pugnam
1428 2365 1476 2429 ad

244 2465 442 2531 Haliartum
480 2466 700 2533 commissam
737 2466 942 2533 societatem
977 2468 1105 2534 factam
1145 2488 1223 2533 esse
1256 2466 1399 2532 tradidit
1412 2468 1474 2548 18).

244 2569 413 2653 Idemque
437 2567 563 2654 Lysias
592 2579 740 2635 testatur
762 2569 817 2636 his
840 2568 956 2636 verbis
970 2573 1038 2652 ¹⁹):
1069 2570 1201 2654 πρῶτον
1222 2567 1380 2653 μὲνγὰρ,
1410 2562 1479 2633 ὅτε

240 2668 313 2735 riv
346 2667 655 2755 avppaxtavw)
688 2667 970 2737 &notrannus
1000 2670 1225 2760 rrpdgrodg
1247 2670 1477 2748 Βοιωτοὺς

310 2908 353 2976 13)
369 2907 427 2963 Lib.
445 2907 515 2973 XIV,
528 2924 549 2962 o.
561 2905 606 2962 82:
624 2908 678 2961 Τοῦ
696 2904 720 2962 δ’
735 2908 805 2968 ἔτους
822 2906 910 2962 τούτου
925 2908 1104 2975 διεληλυ2ὁτος
1120 2905 1248 2975 'Atrinum
1266 2909 1311 2976 μὲν
1329 2908 1375 2976 rip
1393 2905 1477 2978 ἀρχὴν

239 2995 367 3064 παρέλαβε
379 2991 527 3061 Διόφαντος,
545 2992 570 3046 ἐν
587 2992 679 3062 Ῥώμῃ
698 2990 722 3048 δ’
736 2991 791 3046 αὐτλ
809 2995 860 3046 τῶν
879 2991 982 3048 ὑπάτων
1001 2994 1028 3057 ἕξ
1045 2995 1169 3063 χιλίαρχοι
1186 2993 1233 3059 τὴν
1252 2991 1377 3059 ὑπατικὴν
1395 2992 1478 3063 ἀρχὴν

240 3079 348 3148 διῴκουν
365 3114 490 3130 ........
509 3076 636 3131 τούτων
667 3079 702 3133 δὲ
733 3078 795 3145 τήν
821 3076 930 3148 ἀρχὴν
955 3078 1227 3147 παρειληφότων
1247 3079 1395 3133 Βοιωτοὶ
1421 3080 1478 3132 καὶ

240 3160 436 3231 ’Δὶληυαῐοι,
462 3163 546 3230 πρὸς
570 3162 609 3218 δὲ
634 3164 773 3224 τούτοις
801 3165 1060 3230 Κορίυὶιιοικαλ
1080 3161 1250 3232 Ἀργεῖοι,
1278 3165 1476 3233 συμμαχίαι

228 3248 325 3314 *apic
344 3246 515 3315 οἷλλτὶλούς
534 3248 749 3314 ἐποιήσαντο.

312 3335 354 3402 14)
372 3334 482 3388 Praetor
499 3333 560 3387 illos
578 3333 647 3387 viros
666 3333 766 3400 doctos,
783 3350 851 3403 quos
868 3335 957 3389 Potito
976 3334 1153 3404 adstipulatus
1166 3350 1224 3388 osso
1236 3334 1339 3387 monuit
1351 3333 1477 3389 Gostaius

242 3421 259 3474 l.
277 3420 294 3473 l
312 3437 337 3490 p.
357 3421 370 3473 1
390 3419 450 3474 adn.
468 3419 484 3473 2
502 3418 608 3473 nomino
627 3418 786 3473 Schoellium
805 3419 915 3486 (Histor.
933 3420 1014 3474 litter.
1031 3418 1123 3473 Graec.
1141 3418 1348 3488 19119283),
1367 3418 1478 3474 Odofro·
1609 3469 1610 3484 ,

241 3505 304 3559 dum
322 3503 479 3559 Muellerum
505 3504 616 3572 (Histor.
640 3504 721 3559 litter.
739 3503 831 3559 Graec.
848 3506 899 3558 vol
916 3505 951 3569 Il,
970 3504 1032 3559 odia
1050 3506 1111 3558 teri.
1128 3522 1153 3573 p.
1171 3504 1240 3573 231).
1274 3504 1353 3558 Nunc
1371 3521 1476 3574 quoque
1573 3500 1576 3502 ’

12 3655 13 3670 ¹
241 3607 301 3645 cum
318 3591 365 3644 illo
384 3589 486 3644 iaciunt
504 3588 610 3644 Curtius
634 3590 661 3643 in
687 3589 778 3644 histor.
807 3589 899 3644 Graec.
918 3589 1243 3658 editquintaevol.11L
1267 3607 1291 3660 p.
1309 3590 1367 3656 214,
1392 3591 1478 3659 Droy-

31 3724 37 3734 χ
69 3749 175 3794 “⁶³‘’
182 3676 354 3829 Quid)
371 3676 389 3814 i
406 3673 680 3830 iliziltiiiaiieiilis
696 3674 1041 3831 ildfibgldzipOditdOpadiv.
1058 3762 1122 3826 2543
1146 3778 1170 3830 p.
1189 3762 1238 3815 781
1257 3761 1291 3815 ad
1309 3778 1332 3815 v.
1349 3760 1414 3825 304;
1440 3760 1476 3815 ib.

127 3819 134 3866 l
241 3847 276 3903 ad
294 3864 316 3901 v.
333 3846 398 3912 64‘l;
415 3863 440 3916 p.
458 3844 515 3900 784.

117 3933 122 3970 l
311 3932 353 4000 16)
372 3932 413 3985 De
430 3931 550 3986 Platonis
569 3931 721 4001 republica
739 3931 976 3985 commentationes
994 3934 1049 3985 tres
1066 3949 1091 4001 p.
1109 3930 1150 3985 78.

110 4003 115 4032 ¹
311 4019 353 4082 17)
371 4018 412 4071 De
431 4030 520 4072 oecon.
537 4016 609 4086 publ.
627 4016 696 4071 civit.
714 4015 916 4071 Atheniensium
934 4016 984 4072 vol.
1000 4017 1021 4082 Ι,
1038 4034 1063 4086 p.
1080 4016 1138 4082 642,
1155 4016 1187 4071 cf.
1200 4017 1307 4071 edition.
1320 4019 1381 4070 tart.
1393 4015 1478 4081 roll,

313 4188 353 4258 18)
372 4188 476 4242 Hellen.
493 4187 541 4242 111.
559 4186 584 4243 t.
601 4187 618 4241 7
638 4202 694 4256 sqq.
712 4185 744 4240 ci
762 4185 811 4242 III.
829 4186 853 4240 5.
872 4187 912 4242 16.

312 4273 354 4342 19)
374 4273 446 4328 Orat.
463 4273 533 4327 XVI.
553 4273 641 4341 l3sq.

309 4359 353 4428 20)
370 4360 559 4429 Fragrnantum
583 4358 655 4412 illius
671 4357 824 4428 populisciti
845 4360 960 4412 aetatem
978 4358 1041 4412 tulit
1058 4361 1087 4412 at
1104 4375 1120 4412 a
1139 4358 1271 4413 Koohloro
1290 4358 1389 4428 publici
1410 4357 1476 4412 iuris

242 4447 283 4498 est
300 4444 399 4500 factum
416 4445 444 4500 in
462 4445 576 4499 Hermae
594 4444 644 4498 vol.
660 4443 693 4509 t,
710 4462 735 4514 p.
757 4446 777 4498 l.
813 4443 851 4499 (11
870 4444 948 4514 Corp.
967 4444 986 4498 L
1006 4445 1036 4499 A.
1055 4444 1090 4498 Il.
1108 4445 1132 4498 6.
