3242 4867
698 169 910 251 ..gg-

186 372 326 423 scaena.
372 354 464 423 Nam
495 358 604 422 verba
636 356 696 422 illa
726 378 798 422 non
832 378 909 423 esse
939 356 1033 422 facta
1064 363 1186 421 secuta
1215 341 1425 438 Ariphradis

187 459 367 526 mentione
390 459 518 527 iniecta
541 484 572 525 v.
601 477 660 544 129
683 460 944 526 demonstratur
959 458 1041 541 ¹⁰¹).

277 595 465 682 Reliquum
481 607 543 677 est,
567 608 606 663 ut
621 596 665 663 de
681 595 741 677 eis,
765 618 857 682 quae
873 620 904 661 v.
925 596 1005 677 1138
1020 594 1247 660 nominantur
1262 587 1423 676 μείρακες,

190 698 278 784 quid
300 698 459 780 sentiam,
483 698 648 785 aperiam.
680 698 819 765 Etenim
842 701 934 764 hanc
958 720 1100 784 quoque
1123 719 1245 764 vocem
1262 697 1425 781 Engerus

189 812 225 866 et
248 800 456 868 Arnoldtius
487 802 532 866 ad
563 801 658 866 illam
690 802 734 867 de
764 800 1000 867 saltatricibus
1032 799 1241 866 sententiam
1266 816 1424 882 compro·
1491 801 1498 812 '

91 901 93 904 ’
189 903 344 968 bandam
375 902 411 968 in
441 926 544 970 usum
574 913 799 970 vocaverunt.
855 905 899 968 Et
930 901 1015 967 mihi
1038 901 1181 987 quidem
1203 896 1355 984 μείρακες
1376 897 1425 963 vi·

191 1007 320 1071 dentur
335 1006 478 1072 eaedem
494 1027 667 1091 personae
679 1004 939 1092 intellegendae
952 1016 1058 1090 atque
1069 1006 1268 1070 choreutae.
1293 1003 1426 1069 Verum

190 1108 241 1172 illi
265 1107 407 1193 quidem
430 1119 468 1173 ut
491 1107 578 1174 alias
601 1109 669 1174 hoc
692 1129 836 1193 quoque
859 1108 938 1174 loco
962 1108 1021 1172 vix
1044 1116 1196 1192 egerunt
1219 1105 1422 1191 prudenter.

191 1209 331 1276 Etenim
354 1208 384 1275 si
406 1209 541 1276 verbis:

321 1340 410 1430 ὅμως
433 1339 461 1410 d'
486 1343 610 1411 ἐκέλευε
633 1333 858 1429 συλλαβοῦσαν
878 1338 910 1429 μ’
934 1340 954 1432 ί]
975 1341 1051 1433 γονή

320 1443 409 1533 ἄγειν
433 1470 469 1513 σε
491 1446 547 1513 καί
569 1447 667 1513 τασδὶ
688 1448 772 1532 μετὰ
795 1451 855 1513 σοῦ
876 1446 937 1525 τοὶς
958 1445 1118 1534 μείρακας

190 1569 287 1635 solae
310 1569 505 1636 saltatrices
528 1580 646 1636 essent
669 1570 714 1635 ad
738 1590 862 1635 cenam
886 1567 1065 1649 invitatae,
1088 1566 1174 1653 quid
1198 1577 1272 1632 erat
1286 1588 1426 1647 causae,

192 1694 257 1737 cur
286 1681 325 1736 ut
348 1670 383 1735 in
405 1670 483 1737 aliis
505 1670 634 1737 fabulis
665 1672 721 1752 (cf.
747 1670 851 1737 Pacis
874 1682 909 1737 et
932 1669 1064 1736 Avium
1087 1668 1214 1751 exitus)
1237 1690 1310 1734 non
1333 1679 1427 1735 totus

191 1776 323 1841 chorus
345 1775 390 1839 ad
414 1773 535 1859 epulas
558 1774 766 1840 vocaretur?
810 1774 930 1858 Atque
953 1783 1146 1858 praeterea,
1167 1770 1198 1837 si
1220 1792 1264 1837 ex
1286 1770 1426 1836 illorum

160 1927 165 1936 .
191 1875 367 1943 sententia
401 1878 587 1943 choreutas
624 1898 697 1942 non
731 1875 895 1942 invitarat
925 1875 1072 1955 famula,
1113 1874 1291 1960 quomodo
1328 1895 1427 1959 cory-

192 1981 330 2065 phaeus
351 1967 465 2063 potuit
486 2000 525 2045 se
543 1989 578 2044 et
593 1979 757 2045 mulieres
773 2000 850 2044 esse
865 1976 1029 2043 invitatas
1045 1976 1202 2043 indicare
1218 1975 1272 2042 his
1292 1974 1428 2042 verbis:

934 2104 961 2177 ὦ
982 2105 1009 2177 ὦ
1031 2109 1100 2198 ὥρα
1122 2107 1170 2199 δή,

329 2208 471 2304 ulpiam
494 2222 649 2303 γυναῖκες,
672 2212 767 2305 εἴπερ
785 2214 970 2302 μέλλομεν
990 2215 1028 2281 rd
1049 2220 1162 2303 χρῆμα
1185 2214 1274 2301 δρᾶν,

270 2361 272 2376 ÷
329 2318 388 2386 ἐπὶ
409 2319 447 2385 τὸ
469 2321 605 2386 δεῖπνον
625 2316 846 2387 ὑπαποκινεῖν
868 2321 913 2401 (v.
941 2319 1021 2402 1163
1044 2322 1110 2405 sq.)

196 2442 253 2508 vel
285 2443 474 2508 choreutas
505 2453 586 2528 apte
616 2454 775 2508 cantare:
809 2436 1062 2527 δειπνήσομεν
1094 2462 1126 2505 v.
1163 2438 1267 2503 1180?
1320 2436 1427 2521 Quod

194 2566 240 2610 ne
272 2545 452 2629 Engerum
491 2542 633 2629 quidem
665 2556 699 2611 et
729 2542 956 2610 Arnoldtium
994 2542 1133 2609 videtur
1163 2539 1307 2627 fugisse.
1363 2539 1429 2604 Ita·

197 2668 269 2732 que
300 2645 410 2711 invito
442 2646 564 2714 codice
588 2648 793 2714 Rauennate
817 2669 872 2712 vv.
899 2663 984 2728 1144
1007 2668 1084 2731 sqq.
1117 2667 1138 2710 a
1165 2642 1309 2710 domino
1333 2641 1431 2707 abiu-

196 2748 333 2815 dicatos
356 2747 553 2814 tribuerunt
575 2752 786 2836 coryphaeo.
833 2751 977 2830 Verum,
1001 2759 1039 2814 ut
1058 2750 1147 2814 haec
1163 2745 1309 2813 mutatio
1325 2742 1431 2811 alicui

195 2852 344 2937 placeat,
360 2873 445 2916 num
461 2850 512 2916 illi
528 2872 651 2919 versus
666 2863 749 2919 sunt
764 2853 811 2918 ita
828 2851 1030 2939 comparati,
1047 2861 1085 2916 ut
1096 2849 1274 2917 choreutis
1287 2857 1433 2934 propter

195 2954 275 3019 illos
298 2953 414 3019 aditus
438 2955 483 3020 ad
506 2955 628 3039 epulas
652 2955 808 3040 pateret?
849 2954 929 3020 Iure
952 2954 1061 3040 igitur
1077 2952 1253 3038 Bergkius
1269 2951 1305 3016 in
1322 2951 1432 3016 altera

198 3055 364 3137 editione,
388 3055 597 3142 Blaydesius
614 3056 799 3137 Velsenus,
824 3056 978 3142 Blepyro
1001 3076 1043 3120 ea
1062 3055 1170 3120 verba
1187 3052 1432 3132 attribuerunt,

199 3158 334 3244 quippe
357 3180 449 3244 quae
471 3180 543 3225 non
565 3168 765 3244 spectarent
781 3159 827 3224 ad
843 3160 1040 3238 choreutas,
1062 3157 1126 3222 sed
1149 3156 1194 3220 ad
1216 3164 1432 3240 spectatores

198 3282 343 3347 quoque
366 3261 411 3326 ad
435 3262 557 3347 epulas
585 3260 816 3328 adhibendos.

285 3416 392 3501 Quod
414 3426 532 3482 autem
555 3413 606 3480 illi
627 3414 695 3481 sibi
718 3426 968 3502 persuaserunt
983 3418 1170 3482 choreutas
1187 3435 1259 3478 non
1275 3410 1434 3498 potuisse

200 3518 320 3586 vocari
342 3514 509 3605 μείρακας,
533 3517 616 3604 quia
639 3540 779 3605 semper
801 3520 1024 3605 appellentur
1038 3520 1197 3601 γυναῖκες,
1220 3518 1309 3583 haec
1325 3536 1434 3583 causa

197 3622 304 3708 plane
334 3632 387 3688 est
417 3623 524 3689 nulla.
570 3621 826 3709 Comparemus
856 3621 1008 3708 exempli
1031 3642 1138 3688 causa
1161 3641 1204 3685 ex
1227 3619 1433 3685 Achamen·

199 3723 298 3791 sibus
322 3747 353 3791 v.
378 3741 459 3807 342:
481 3722 538 3789 καὶ
560 3722 600 3789 σὺ
621 3720 770 3791 κατάθου
792 3720 894 3789 πάλιν
915 3724 963 3789 τὸ
985 3720 1113 3809 ξίφος
1135 3734 1170 3789 et
1192 3745 1224 3788 v.
1242 3735 1324 3804 345:
1348 3713 1432 3784 ἄλλοί

253 4011 313 4083 101)
332 4013 443 4086 Saepius
460 4016 541 4084 poeta
558 4013 691 4080 maiorem,
714 4029 794 4085 quam
812 4013 858 4085 qui
875 4032 908 4069 ra
921 4031 984 4069 rara
1001 4012 1085 4079 adest,
1102 4012 1181 4082 fingit
1197 4026 1370 4081 personarum
1387 4025 1435 4063 nu·

199 4115 301 4154 marum
324 4100 365 4154 vol
385 4100 493 4155 simulat
510 4116 552 4154 raa
569 4100 641 4165 fleri,
665 4115 733 4171 quae
758 4118 812 4155 nou
837 4102 865 4155 in
892 4116 988 4155 scaana
1012 4103 1073 4155 acta
1090 4101 1159 4164 aunt,
1183 4094 1435 4166 oivarp.v.179:

198 4185 307 4259 artatur,
324 4187 349 4238 rt
367 4184 466 4251 κλάεις
484 4185 544 4239 Ρεα
558 4201 597 4240 vv.
609 4184 660 4239 660
672 4200 737 4256 sqq,
753 4185 799 4241 ubi
812 4187 867 4241 Pax
884 4186 936 4240 dea
953 4188 1011 4240 arat
1027 4200 1141 4255 parrona
1158 4187 1234 4238 muta
1269 4181 1308 4238 Gt
1320 4180 1435 4251 deniquo

198 4269 343 4341 Vaap.362,
360 4270 406 4325 ubi
424 4287 441 4325 a
458 4269 561 4324 duobus
578 4271 668 4336 sorvis,
686 4271 762 4326 Sosia
780 4275 808 4326 ot
820 4271 944 4334 Xanthia,
961 4270 1097 4325 Philoclao
1112 4286 1141 4323 aa
1154 4268 1220 4323 dicit
1232 4267 1366 4331 custodiri,
1385 4264 1435 4319 atsi

199 4355 546 4426 Sosiaaiampoatv.142
570 4354 638 4410 abiit
663 4360 691 4410 et
714 4358 772 4428 ipsa
796 4356 975 4412 Philoclaonia
1000 4360 1091 4428 partes
1114 4358 1205 4409 tuetur
1230 4353 1272 4421 (qt
1290 4353 1366 4407 Beer.
1383 4350 1401 4404 l.
1418 4350 1435 4404 l.

198 4455 224 4510 p.
242 4441 294 4509 47),
311 4445 340 4496 at
357 4444 495 4511 praeterea
513 4440 583 4495 Plut.
600 4458 623 4493 v.
641 4440 698 4507 624,
723 4442 769 4496 ubi
795 4445 905 4498 vocatur
923 4440 1012 4508 (lario,
1031 4442 1077 4512 qui
1094 4438 1174 4496 modo
1193 4439 1269 4506 exiit,
1293 4440 1436 4510 postquam

200 4526 372 4598 Paupertatis
388 4530 479 4599 partas
495 4526 631 4597 transegit
