3242 4867
708 179 923 249 ..15-

199 352 355 421 tionibus
378 348 631 435 collaudantes
654 355 696 421 cf.
719 377 775 420 ·vv.
793 368 858 438 790
872 376 960 440 sqq,
983 377 1038 420 vv.
1055 355 1117 419 812
1132 377 1208 440 sqq.
1254 354 1299 419 Et
1314 373 1435 419 omnes

198 480 278 524 cum
307 456 516 524 clamarent:
546 457 580 523 O
604 457 710 538 cives,
743 456 848 538 cives,
883 457 1086 543 quaerenda
1108 456 1259 541 pecunia
1282 456 1433 541 primurn

199 570 262 640 est,
293 559 404 626 virtus
434 570 514 646 post
544 560 723 627 nummos!
754 570 861 645 atque
892 560 1025 626 nullam
1057 560 1228 626 rationem
1259 560 1431 624 haberent

197 654 320 728 salutis
343 661 524 748 publicae,
557 660 595 727 τὸ
628 658 737 727 κοινὸν
766 656 880 748 ὥσπερ
912 656 1067 746 Αἴσιμος
1089 658 1281 741 ἐκυλίνδετο,
1305 662 1348 727 cf.
1373 685 1429 726 vv.

199 764 266 829 206
287 787 364 850 sqq.
409 765 535 850 Neque
566 764 753 850 quisquam
776 775 851 830 erat
874 776 1010 846 orator,
1041 764 1103 850 qui
1125 763 1358 830 multitudinis
1380 764 1432 829 fu·

199 888 314 933 rorem
337 866 512 952 gravitate
535 878 730 948 coerceret,
762 868 1003 933 moderaretur
1025 867 1203 934 levitatem
1227 877 1261 932 et
1283 865 1432 933 creduli-

133 997 137 1003 ·
197 979 304 1035 tatem
327 967 475 1034 consilio
499 979 534 1034 et
555 969 753 1053 prudentia,
777 969 968 1055 castigaret
988 969 1141 1055 denique
1157 968 1344 1035 amentiam
1360 967 1432 1035 mo-

198 1092 347 1156 rumque
393 1069 665 1156 perversitatem.
742 1071 956 1158 Quicunque
1003 1072 1221 1138 accedebant
1264 1072 1309 1136 ad
1356 1092 1429 1137 rem

198 1172 394 1259 publicam,
437 1184 476 1239 ut
514 1184 614 1239 erant
651 1173 823 1239 maiorum
862 1173 1069 1241 auctoritate
1107 1185 1142 1240 et
1171 1173 1300 1239 virtute
1334 1174 1433 1240 dere·

197 1274 355 1358 lictiss),
388 1274 569 1343 blanditiis
602 1286 636 1341 et
664 1275 913 1362 largitionibus
944 1276 1041 1342 velut
1072 1275 1337 1362 Agyrrhius⁴²l
1370 1276 1429 1342 ille

198 1378 362 1444 mercede
377 1377 616 1444 ecclesiastica
632 1378 840 1464 plebeculae
855 1377 1005 1464 gratiam
1021 1378 1058 1443 in
1072 1400 1150 1446 sese
1166 1381 1427 1446 convertebant.

198 1481 325 1566 Neque
356 1491 473 1547 tamen
504 1480 555 1546 illi
585 1481 734 1548 salutem
767 1480 879 1567 ipsam
910 1480 1044 1566 patriae
1076 1492 1308 1567 susceperunt
1331 1492 1428 1547 tuen·

199 1584 297 1663 darn,
326 1583 391 1650 etsi
420 1583 637 1669 aliquamdiu
667 1595 750 1652 sunt
781 1583 848 1651 visi
878 1582 963 1650 boni
991 1594 1097 1670 atque
1118 1584 1214 1670 frugi
1237 1606 1334 1665 esse,
1367 1584 1430 1650 sed

197 1707 283 1752 suae
306 1684 541 1752 inservierunt
563 1685 748 1753 ambitioni
770 1697 806 1753 et
826 1686 1024 1772 superbiae,
1054 1707 1100 1752 ne
1122 1685 1237 1752 dicam
1260 1686 1433 1772 pecuniae

198 1787 393 1874 cupiditati.
439 1788 493 1854 Ac
524 1810 569 1855 ne
593 1788 808 1875 Thrasybuli
839 1789 982 1875 quidem
1014 1788 1216 1856 innocentia
1238 1801 1273 1855 et
1295 1811 1432 1855 morum

198 1889 382 1976 integritas
414 1901 466 1957 est
496 1890 624 1956 iniuria
655 1890 692 1956 in
722 1890 978 1957 dubitationem
1002 1902 1137 1971 vocata,
1169 1890 1205 1956 id
1227 1891 1324 1976 quod
1346 1890 1432 1955 mihi

200 1993 424 2078 Frohberger
450 1992 588 2059 videtur
611 2004 705 2060 recte
727 1993 964 2077 statuisse⁴³).
1011 1995 1134 2079 Itaque
1157 1994 1202 2059 ad
1225 1993 1323 2058 illum
1347 2015 1432 2078 quo·

197 2116 268 2181 que
290 2096 439 2162 fortasse
461 2094 647 2180 pertinent,
671 2117 763 2182 quae
785 2095 937 2181 legimus
960 2119 1015 2163 vv.
1043 2095 1103 2176 176
1124 2118 1219 2181 sqq:

817 2192 879 2262 adv
899 2221 951 2275 τις
972 2193 1094 2284 ἡμέραν
1116 2194 1195 2281 μίαν

446 2297 586 2386 χρηστὸς
607 2298 744 2385 γένηται,
768 2297 848 2364 δέκα
871 2298 1012 2385 πονηρὸς
1034 2296 1193 2383 γίγνεται·

450 2400 640 2489 ἐπέτρεψας
662 2397 776 2489 ἑτέρῳ·
801 2396 923 2467 πλείον’
947 2398 996 2467 ἔτι
1018 2399 1133 2488 δράσει
1154 2397 1249 2466 κακά.

286 2525 329 2588 Et
360 2522 390 2589 si
424 2521 689 2609 complectimur
711 2521 854 2604 animis,
886 2545 977 2609 quae
1008 2524 1052 2589 de
1081 2521 1149 2589 illis
1172 2522 1389 2608 temporibus
1413 2546 1433 2588 a

199 2647 315 2691 rerum
337 2624 578 2712 scriptoribus
611 2624 819 2707 oratoribus
848 2625 962 2712 poetis
985 2627 1155 2693 habemus
1179 2624 1316 2705 tradita,
1346 2624 1433 2710 quid
1481 2669 1483 2673 -

200 2727 338 2801 consilii
360 2727 618 2814 Aristophanes
642 2728 677 2793 in
704 2728 957 2796 Ecclesiazusis
980 2727 1245 2795 conscribendis
1268 2727 1314 2794 sit
1335 2750 1434 2794 secu·

199 2842 272 2914 tus,
303 2829 407 2897 facile
436 2851 521 2897 sane
551 2830 806 2916 intellegemus.
860 2830 1081 2918 Praecipitur
1111 2830 1236 2916 igitur,
1271 2841 1310 2896 ut
1340 2832 1435 2897 bona

200 2932 318 2997 omnia
344 2932 413 2999 sint
446 2931 601 2999 omnium
630 2933 839 2999 communia.
891 2933 1101 3019 Desperavit
1133 2932 1298 2998 nimirum
1329 2943 1435 3018 poeta

202 3055 223 3097 a
245 3032 350 3098 variis
373 3032 442 3100 illis
463 3034 666 3115 sceleribus,
690 3057 782 3119 quae
798 3046 837 3099 ut
852 3023 1017 3120 periuria,
1040 3036 1141 3114 furta,
1165 3033 1433 3113 faenerationeS,

202 3134 344 3200 fraudes
367 3146 508 3222 propter
530 3136 719 3223 pecuniam
741 3135 884 3202 videbat
906 3135 1036 3221 passim
1059 3136 1223 3216 admissa,
1254 3136 1439 3221 improbos

201 3258 243 3302 ac
275 3237 475 3323 deperditos
505 3239 574 3305 iarn
604 3238 763 3305 revocari
793 3259 908 3322 posse.
963 3238 1103 3323 Itaque,
1134 3249 1173 3304 ut
1202 3238 1344 3304 tandem
1374 3236 1435 3302 ali-

201 3340 344 3425 quando
377 3341 475 3408 fieret
512 3341 592 3408 finis
632 3339 840 3406 iniuriarum
869 3350 975 3425 atque
1005 3341 1192 3422 malorum,
1231 3361 1323 3426 quae
1353 3339 1435 3406 inde

200 3453 321 3509 exorta
353 3454 392 3510 ut
422 3443 518 3524 lites,
549 3442 709 3529 pignoris
732 3442 919 3529 capiones,
954 3442 1228 3529 publicationes,
1262 3442 1434 3523 exsilium,

197 3544 411 3631 supplicium
434 3544 611 3612 civitatem
634 3546 801 3611 tenebant
822 3545 1045 3632 exagitatam,
1068 3545 1208 3611 fabulae
1225 3556 1347 3612 auctor
1362 3567 1435 3611 non

197 3645 274 3713 sine
295 3670 431 3714 summa
454 3648 646 3715 acerbitate
671 3650 928 3734 degenerantes
951 3649 1174 3729 adhortatur,
1207 3659 1246 3714 ut
1269 3670 1377 3715 causa
1400 3657 1435 3713 et

198 3748 333 3815 semine
361 3749 530 3817 avaritiae
560 3761 667 3837 atque
698 3749 906 3818 calamitatis
939 3748 1106 3817 radicitus
1128 3751 1267 3816 sublato
1291 3752 1434 3817 reduce·

200 3861 321 3916 rentur
342 3853 388 3917 ad
411 3851 585 3933 virtutem,
608 3851 692 3939 quia
714 3851 782 3939 ipsi
804 3874 878 3919 non
900 3861 1044 3938 possent
1065 3850 1188 3918 redire.

273 4104 316 4173 41)
334 4104 372 4161 ct
389 4105 511 4162 Platonis
537 4107 631 4162 comici
656 4107 728 4177 apud
745 4106 876 4162 Korkium
899 4107 1077 4178 fragmentum
1104 4106 1168 4162 186:
1196 4100 1228 4172 ἦν
1250 4106 1299 4173 γὰρ
1318 4103 1434 4176 ἀποθάνῃ

201 4187 238 4250 εἷς
254 4208 294 4249 τις
310 4191 426 4258 πονηρός,
444 4189 485 4246 δύ’
503 4188 631 4258 ἀνέφυσαν
649 4193 771 4259 ῥήτορες·
797 4189 883 4252 οὐδεὶς
900 4191 948 4259 γὰρ
965 4191 1029 4260 η’μῖν
1047 4190 1153 4252 Ἰόλεως
1171 4192 1197 4244 ἐν
1215 4194 1248 4260 τῇ
1266 4190 1346 4254 πόλει,
1365 4189 1436 4252 ὅστις

200 4274 333 4329 ferrarien
350 4275 398 4336 τὰς
415 4276 533 4345 κεφαλᾶς
549 4280 601 4330 τῶν
619 4276 745 4343 ῥητόρων.
771 4276 989 4338 κεκολλὸπευκας’
1008 4280 1140 4346 τοιγαροῦν
1158 4276 1245 4344 ῥήτωρ
1264 4277 1326 4329 ἔσει.

269 4377 312 4445 42)
331 4376 369 4433 Of
387 4395 427 4433 vv.
447 4378 496 4434 183
515 4395 578 4452 sqq,
596 4395 636 4434 vv.
653 4380 688 4436 96
705 4396 761 4450 sqq.
780 4383 808 4433 at
826 4379 975 4434 Wuorzium
992 4381 1009 4435 l
1027 4382 1044 4436 l.
1061 4398 1087 4451 p.
1106 4380 1139 4435 17
1157 4395 1221 4446 sqq,
1237 4396 1263 4448 p.
1281 4379 1315 4433 29
1333 4394 1389 4448 sqq.

269 4478 314 4551 43)
332 4479 371 4536 ct
387 4481 405 4535 l
421 4481 439 4536 l
457 4497 482 4554 p.
499 4481 557 4538 uo.
