3242 4867
717 29 908 93 -8-

194 214 320 302 ἐγένετο
344 213 511 301 συμμαχία
530 210 718 301 Ἀθηναίων
739 214 797 281 καὶ
820 215 993 293 Βοιωτῶν,
1023 225 1220 281 ceterorum
1242 214 1433 295 sociorum,

194 343 284 407 quos
307 331 489 387 enumerat
512 319 690 386 Diodorus
713 319 825 400 (XIV,
849 320 915 401 82),
938 317 1036 383 nulla
1058 316 1237 383 mentione
1261 316 1398 383 iniecta.

280 422 419 506 Quibus
442 420 610 508 expositis
633 421 663 488 si
687 421 755 487 iam
779 421 823 487 de
847 442 941 487 anno
965 418 1178 505 quaerimus,
1210 442 1282 504 quo
1307 418 1433 485 Boeoti

194 525 331 610 legatos
355 526 399 591 de
422 523 553 591 auxilio
576 525 735 591 Athenas
758 522 895 590 misisse
918 522 988 589 sint
1011 521 1169 608 putandi,
1195 521 1373 588 Diodorus
1396 532 1432 587 et

194 627 290 693 illam
320 626 534 712 legationem
565 637 600 693 et
631 625 814 693 victoriam
846 625 953 711 paulo
985 634 1065 710 post
1088 625 1133 690 ad
1157 624 1356 690 Haliartum
1380 646 1432 689 re-

194 740 367 817 portatam
390 729 480 796 inter
503 752 544 796 ea
568 731 681 810 refert,
708 751 801 814 quae
823 738 906 794 sunt
921 738 1023 811 gesta
1038 715 1203 813 praetore*
1218 726 1432 793 Phormione

195 833 251 898 Ol.
274 832 327 917 96,
354 850 367 897 1
393 832 449 913 (cf.
475 833 572 913 XIV,
589 834 654 915 81).
700 832 835 898 Eodem
851 830 960 916 igitur
975 829 1193 915 magistratu,
1218 840 1256 895 ut
1270 829 1432 910 vidimuS,

194 934 299 1001 etiam
321 934 473 1001 societas
496 934 582 1000 inita
602 945 654 1001 est
670 934 837 1020 putanda.
883 934 1108 1018 Quamquam
1124 942 1236 999 exstat
1251 942 1433 1018 praeterea

194 1036 293 1103 locus
327 1035 470 1123 quidam
495 1036 746 1116 PlutarcheuS,
779 1034 842 1121 qui
867 1036 912 1100 ad
935 1057 1067 1100 annum
1091 1046 1224 1101 certum
1247 1034 1433 1101 enuclean-

165 1145 167 1148 ’
195 1140 278 1205 dum
301 1138 455 1224 aliquam
470 1162 592 1206 ansam
612 1140 782 1225 praebere
798 1136 968 1204 videatur.
1015 1128 1184 1222 Legimus
1200 1135 1293 1203 enim
1309 1136 1345 1201 in
1361 1136 1433 1202 vita

196 1241 370 1326 Lysandri
401 1264 430 1307 e.
461 1242 602 1307 XXIX:
634 1237 781 1322 Λέγεται
811 1237 848 1304 δὲ
877 1237 932 1304 καὶ
958 1234 1119 1323 Θηβαίοις
1148 1235 1214 1303 incl
1243 1238 1300 1302 τὸν
1322 1239 1433 1303 Πελο-

195 1341 415 1426 ποννησιακὸν
448 1339 595 1427 πόλεμον
627 1340 661 1406 ἐν
685 1335 836 1428 Ἰσμηνίῳ
866 1339 1022 1425 γενέσθαι
1050 1340 1195 1427 χρησμὸν
1226 1335 1295 1425 ἅμα
1320 1337 1376 1427 τήν
1397 1364 1432 1404 τε

196 1445 281 1530 πρὸς
297 1442 409 1531 Antip
432 1442 535 1531 μα’χην
556 1445 614 1511 καὶ
636 1443 693 1532 τὴν
716 1445 805 1527 ιτρός
821 1440 993 1529 (Αίιοίρτιμ
1015 1441 1133 1530 ταύτην
1157 1441 1279 1530 ἐκείνης
1300 1438 1433 1529 ὕστερον

194 1544 258 1613 ἔτει
288 1548 471 1634 τριακοστῷ
493 1546 664 1633 γενομένην
687 1545 925 1633 προμηνύοντα.

270 1652 363 1734 Quo
392 1652 472 1718 loco
496 1650 703 1718 deducimur
726 1651 772 1715 ad
795 1649 954 1718 eiusdem
979 1649 1202 1736 Olympiadis
1225 1672 1356 1716 annum
1377 1672 1430 1716 se·

196 1755 360 1821 cundum.
407 1756 540 1821 Verum
572 1752 657 1820 satis
687 1764 825 1820 constat
853 1752 944 1818 inter
966 1774 1088 1819 omnes
1111 1752 1260 1819 vitarum
1284 1753 1432 1839 paralle-

194 1856 307 1922 larum
334 1866 513 1923 auctorem
543 1878 615 1922 non
647 1855 694 1921 ita
725 1876 855 1941 magna
886 1855 956 1921 fide
986 1854 1135 1939 dignum
1167 1877 1253 1922 esse.
1308 1857 1432 1941 Itaque

198 1981 261 2045 per
290 1981 328 2026 se
357 1958 439 2026 licet
471 1958 648 2040 dubitare,
681 1981 767 2024 num
799 1959 866 2024 hac
899 1956 935 2022 in
967 1980 1004 2023 re
1027 1980 1145 2024 veram
1169 1957 1339 2040 rationem
1362 1981 1431 2025 me-

197 2061 328 2128 moriae
343 2061 545 2147 prodiderit.
593 2063 779 2128 Praeterea
802 2071 920 2127 autem
945 2061 1044 2127 locus
1061 2060 1120 2126 ille
1138 2072 1282 2146 propter
1297 2061 1432 2128 oraculi

198 2164 564 2231 commemorationem
580 2163 628 2229 ita
644 2177 696 2231 est
711 2174 945 2250 comparatus,
967 2174 1005 2229 ut
1020 2175 1143 2229 auctor
1159 2163 1235 2230 eius
1251 2163 1301 2230 rei
1318 2163 1432 2249 magis

197 2264 349 2333 solidum
372 2287 542 2332 annorum
564 2288 758 2347 numerum,
782 2289 889 2352 quam
910 2265 1083 2333 sinceram
1099 2265 1280 2332 veritatem
1295 2277 1431 2351 specta·

198 2367 291 2435 visse
318 2367 550 2451 videaturfl).
597 2367 793 2435 Diodorum
817 2367 926 2454 igitur
949 2390 1077 2435 censeo
1100 2390 1177 2434 esse
1200 2369 1430 2453 sequendum,

197 2470 297 2537 cuius
327 2470 565 2536 narrationem
596 2492 639 2536 ex
667 2471 744 2557 ipso
768 2472 912 2557 Ephoro
936 2469 1119 2554 repetitam
1143 2491 1220 2537 esse
1243 2471 1432 2536 admodum

197 2575 250 2640 est
273 2573 347 2639 veri
369 2573 483 2639 simile
496 2574 556 2655 Ν).

283 2676 406 2760 Itaque
429 2675 535 2761 paulo
559 2675 793 2743 confidentius
808 2685 929 2759 agunt,
953 2675 1015 2760 qui
1030 2675 1204 2761 proelium
1220 2667 1432 2741 Haliartium

198 2787 367 2844 autumno
392 2778 532 2843 demum
555 2777 639 2842 anni
661 2800 691 2843 a.
717 2778 799 2843 Chr.
824 2800 857 2842 n.
878 2792 939 2861 395
957 2776 1181 2844 commissum
1197 2800 1274 2845 esse
1290 2789 1432 2855 conten,-

199 2880 360 2962 dunt29).
407 2880 516 2946 Immo
547 2879 652 2964 plane
678 2879 776 2945 nulla
799 2891 852 2945 est
875 2901 1000 2960 causa,
1035 2902 1098 2946 cur
1120 2890 1155 2946 et
1177 2879 1432 2966 pugnamillam

197 2992 232 3048 et
261 3003 353 3066 quae
384 2981 490 3066 paulo
523 2992 603 3048 ante
634 2981 720 3047 inita
751 2992 820 3062 est,
852 2980 1122 3048 Atheniensium
1147 2983 1432 3068 Boeotorumque

196 3084 400 3151 societatem
431 3085 476 3150 ad
507 3084 677 3170 praetoris
709 3084 934 3152 Phormionis
963 3084 1207 3170 magistratum
1240 3084 1296 3150 Ol.
1318 3084 1371 3168 96,
1405 3102 1432 3165 1,

199 3186 219 3252 i.
243 3209 272 3253 e.
297 3188 342 3252 ad
365 3197 533 3254 aestatem
556 3186 639 3254 anni
662 3210 692 3253 a.
718 3188 800 3254 Chr.
823 3209 857 3253 n.
881 3202 942 3272 395
967 3210 1039 3253 non
1062 3187 1328 3271 referamus³⁰).

267 3389 310 3458 27)
329 3389 397 3444 Vide
410 3390 519 3444 Hirzelii
537 3390 757 3455 dissertationem,
776 3406 844 3459 quae
852 3389 1018 3444 inscribitur:
1036 3391 1124 3445 Ueber
1136 3390 1316 3456 Rundnahlen,
1333 3392 1361 3445 in
1373 3392 1432 3445 Act.

199 3475 289 3530 societ
305 3475 387 3529 litter.
404 3475 469 3544 Reg.
487 3475 580 3530 Saron.
598 3476 660 3529 enni
679 3474 752 3540 1885,
770 3493 795 3545 p.
816 3476 830 3529 1
849 3492 906 3544 sqq.

266 3561 310 3629 28)
328 3559 366 3615 Oi
384 3560 577 3630 Volquardseni
601 3560 721 3615 libellum
745 3560 777 3614 de
795 3560 907 3615 Diodori
924 3560 1052 3615 librorum
1071 3561 1208 3616 XI—XVI
1225 3561 1344 3616 fontibus
1362 3579 1433 3617 com-

198 3646 313 3717 positum
331 3664 356 3716 p.
374 3646 406 3700 51
426 3662 481 3715 sqq.

44 3787 130 3816 *oe
268 3731 311 3800 29)
331 3730 368 3786 Oi
391 3731 568 3799 Frchbergeri
592 3730 798 3802 disputationem
824 3731 857 3785 de
875 3731 1039 3802 Thrasybulo
1058 3732 1180 3787 Stiriensi
1204 3734 1380 3803 conscriptam
1403 3735 1433 3788 in
1553 3724 1556 3729 ’
1607 3724 1610 3730 ’

198 3817 331 3886 Philologi
349 3817 399 3870 vol
417 3816 494 3870 XVII
511 3834 537 3887 p.
555 3817 607 3871 437
625 3835 670 3887 sq,
689 3816 809 3872 Curtium
827 3817 844 3869 1.
861 3817 878 3871 l.
894 3834 919 3886 p.
938 3818 994 3872 171.

267 3902 310 3970 30)
329 3901 403 3956 Idem
427 3902 505 3956 rideo
530 3903 583 3957 iam
609 3904 741 3958 censuisse
759 3902 886 3957 Fuhrium
910 3902 938 3956 in
956 3903 1236 3958 Animadversionibus
1261 3904 1289 3958 in
1312 3906 1431 3958 oratores

198 3987 302 4041 Atticos
320 4004 345 4057 p.
362 3988 378 4041 7
396 4004 465 4057 sqq,
492 3990 523 4042 cl'.
540 4005 566 4058 p.
585 3988 617 4042 16
636 3990 695 4043 adn.
716 3990 737 4054 1,
756 3990 784 4042 et
801 3991 941 4058 praeterea
958 3988 1113 4043 Belochinm
1131 3990 1148 4042 l
1166 3989 1182 4042 l.
1200 4006 1225 4059 p.
1243 3988 1307 4053 348,
1331 3989 1378 4044 ubi
1394 3990 1432 4043 le·

199 4076 297 4140 guntur
314 4073 394 4128 haec:
417 4073 468 4128 Die
486 4073 611 4128 Boeotier
628 4074 723 4129 hatten
741 4075 824 4129 achon
840 4074 897 4128 rier
913 4074 1002 4139 Jahre,
1027 4074 1083 4129 also
1102 4073 1145 4129 die
1162 4075 1283 4129 Sommer
1298 4074 1357 4140 395,
1374 4075 1433 4142 394,

198 4158 256 4222 393,
273 4157 324 4214 392
342 4158 391 4212 mit
403 4158 499 4228 Sparta
516 4159 599 4228 Krieg
615 4160 729 4228 geffihrt
764 4159 885 4228 Itemque
898 4159 1017 4213 Blassius
1034 4160 1062 4214 in
1080 4161 1165 4214 altera
1177 4160 1293 4214 editione
1304 4160 1432 4215 historiae

199 4244 366 4312 eloquentiae
391 4244 471 4299 Attio.
494 4246 544 4299 vol
561 4246 582 4311 Ι,
607 4262 632 4314 p.
650 4245 700 4301 294
718 4246 752 4300 ad
769 4244 862 4299 Fuluii
879 4246 1040 4299 sententiam
1058 4246 1175 4301 accessit.
1210 4245 1298 4300 Aliam
1315 4246 1372 4315 ipse
1390 4249 1433 4300 tn·

198 4330 268 4390 leret
284 4330 313 4387 in
330 4330 417 4404 priore
435 4329 552 4387 editione
570 4331 620 4385 rol.
637 4331 658 4397 Ι,
681 4348 706 4403 p.
724 4331 781 4387 663.
799 4362 832 4370 -
850 4330 964 4387 Fallitur
981 4335 1072 4386 tamen
1089 4331 1232 4397 Busoltius,
1257 4331 1329 4402 quod
1346 4331 1432 4386 Boeo·
