3242 4867
720 192 933 261 ,3,-

203 366 318 456 ipsum
341 378 588 456 argumentum
611 392 682 436 non
705 370 940 455 spectare³⁷).
987 365 1205 435 Testimonio
1228 376 1310 433 sunt
1332 363 1440 434 canti·

203 473 305 539 lenae
328 494 492 537 ranarum
515 471 598 539 inde
622 494 642 538 a
665 496 696 538 v.
721 489 795 557 209,
819 494 911 558 quae
933 469 1002 538 nisi
1024 492 1130 538 voces
1152 468 1343 557 βρεκεκεκὲξ
1358 467 1441 550 κοὰξ

202 573 285 654 κοάξ
301 598 322 640 a
339 574 499 660 Dionyso
515 574 710 660 aegerrime
726 586 844 642 essent
860 575 961 655 latae,
982 572 1126 640 omnino
1141 595 1214 639 non
1230 571 1440 640 coniunctae

203 689 322 746 essent
335 700 416 745 cum
431 678 572 744 fabulae
589 677 736 745 actione.
784 679 910 764 Neque
926 676 1040 762 magis
1055 674 1232 764 prioribus
1248 686 1438 762 mystarum

203 779 419 848 carminibus
442 803 523 847 cum
546 780 597 848 eis
620 780 814 868 quidquam
837 791 890 848 est
912 802 1108 861 commune,
1135 801 1227 865 quae
1250 778 1286 845 in
1309 801 1439 847 scaena

203 895 376 970 aguntur,
408 883 438 951 si
461 883 642 970 exceperis
665 907 792 971 parvas
816 884 893 951 illas
915 886 1096 970 strophas,
1129 904 1221 969 quae
1242 892 1440 968 sequuntur

204 1008 328 1054 versus
352 1002 412 1069 533
436 997 471 1053 et
493 988 565 1072 589.
612 989 719 1072 Quod
751 1010 823 1054 non
847 998 899 1054 est
921 985 1175 1053 admirandum.
1220 987 1312 1052 Nam
1335 1007 1439 1071 argu·

205 1100 362 1157 mentum
395 1089 510 1176 ipsum
541 1102 616 1157 erat
647 1089 814 1157 humilius
847 1101 954 1177 atque
985 1088 1182 1169 sordidius,
1214 1111 1320 1175 quam
1343 1089 1439 1175 quod

203 1194 332 1260 chorus
364 1194 502 1260 efferret
534 1193 698 1261 laudibus
722 1193 902 1281 perpetuis
925 1203 960 1260 et
982 1191 1196 1260 carminibus
1219 1203 1438 1279 prosecutus

204 1297 327 1382 ltaque
349 1298 394 1363 ad
418 1296 535 1364 Iacchi
559 1296 771 1383 Cererisque
794 1296 1037 1363 invocationes
1059 1307 1094 1362 et
1123 1295 1174 1363 rei
1197 1294 1362 1381 publicae
1384 1317 1437 1361 sa·

204 1399 311 1465 lutem
342 1398 521 1485 aptissime
553 1399 763 1486 confugiens
779 1402 831 1484 38)
864 1398 1063 1485 argumenti
1092 1420 1164 1465 non
1188 1397 1285 1484 prius
1315 1397 1439 1464 habuit

204 1501 385 1583 rationem,
416 1525 522 1589 quam
549 1505 594 1569 ad
617 1502 826 1590 gravitatem
850 1500 1129 1588 dignitatemque
1152 1511 1244 1569 esset
1267 1511 1437 1568 evectum.

290 1624 423 1690 Verum
451 1623 487 1689 in
518 1623 842 1691 Ecclesiazusarum
876 1633 975 1709 parte
1007 1621 1201 1709 posteriore
1231 1643 1348 1708 neque
1380 1622 1438 1689 de·

204 1747 305 1791 orum
327 1747 444 1811 neque
467 1727 517 1820 rei
541 1726 705 1813 publicae
726 1725 852 1793 salutis
876 1737 950 1793 erat
965 1726 1075 1792 locus.
1120 1726 1212 1791 Nam
1226 1746 1355 1791 scaena
1370 1723 1439 1790 iam

205 1826 308 1894 nimis
339 1828 519 1896 exstiterat
549 1828 759 1911 domestica,
792 1852 898 1916 quam
929 1840 967 1895 ut
996 1850 1094 1895 more
1125 1826 1271 1914 antiquo
1294 1848 1439 1894 cumea

203 1933 431 2018 copularetur
460 1936 640 2000 orchestra
670 1932 772 2020 quasi
798 1931 952 2019 publica.
999 1932 1105 2016 Quod
1128 1941 1239 2011 certe,
1270 1952 1341 2017 quo
1365 1940 1439 1996 erat

204 2033 360 2120 ingeni0,
384 2058 456 2102 non
479 2036 572 2123 fugit
587 2035 873 2122 Aristophanem,
896 2034 958 2122 qui
980 2033 1136 2102 carmine
1158 2033 1219 2100 illo
1243 2032 1279 2098 in
1298 2032 1439 2099 fabulae

203 2136 299 2205 exitu
333 2138 507 2205 collocato
538 2139 623 2207 satis
653 2138 823 2206 indicavit
854 2137 1046 2207 sententias
1069 2138 1176 2224 paulo
1199 2134 1380 2222 graviores
1404 2146 1438 2201 et
1556 2214 1561 2221 ‚

201 2239 397 2308 severiores
428 2263 501 2308 non
531 2263 608 2310 esse
639 2244 685 2308 ad
717 2264 808 2323 rem,
840 2263 932 2328 quae
955 2242 1143 2327 agebatur,
1176 2237 1436 2307 convenientes.

203 2345 328 2430 Itaque
347 2343 412 2410 vubi
435 2346 480 2410 ad
503 2345 697 2436 carminum
720 2347 837 2412 locum
861 2354 1080 2432 pervenerat,
1103 2365 1148 2410 ne
1164 2342 1279 2429 ipsum
1295 2339 1438 2427 quidem

202 2468 332 2514 censeo
362 2448 534 2529 voluisse,
567 2459 605 2514 ut
636 2451 765 2516 chorus
788 2448 1029 2534 interponeret
1052 2445 1225 2527 carmina,
1259 2446 1322 2513 sed
1346 2444 1437 2512 eius·

205 2549 301 2617 modi
324 2549 507 2618 admisisse
531 2550 692 2632 embolia,
722 2573 815 2638 quae
838 2562 876 2618 ut
898 2561 1145 2637 argumentum
1168 2548 1299 2635 pariter
1322 2559 1439 2615 essent

203 2644 252 2717 δι’
275 2646 383 2733 ὄχλου,
406 2674 528 2721 verum
551 2666 668 2721 tamen
691 2652 815 2741 τερπνὰ
838 2652 895 2719 καὶ
916 2649 1103 2739 supplicati.
1214 2696 1216 2698 .
1298 2647 1300 2650 ’

289 2773 408 2859 Atque
434 2775 529 2840 haud
550 2773 642 2856 scie,
676 2798 722 2842 an
745 2798 825 2842 cum
848 2774 917 2843 illis
939 2774 985 2843 sit
1006 2772 1224 2853 faciendum,
1256 2770 1317 2858 qui
1342 2781 1380 2837 ut
1402 2769 1438 2837 in

203 2876 443 2943 Romanorum
458 2879 527 2961 ⁸⁹),
559 2877 607 2943 ita
638 2878 743 2944 etiam
769 2877 806 2944 in
830 2879 1048 2946 Graecorum
1071 2873 1263 2945 comoediis
1286 2897 1307 2941 a
1330 2876 1438 2941 choro

204 2978 378 3046 destitutis
401 2979 550 3047 actionis
572 2980 858 3066 intercapedines
880 3004 902 3048 a
924 2981 1070 3048 tibicine
1090 2980 1266 3047 cantando
1282 2978 1439 3063 expletas

204 3103 282 3148 esse
313 3081 390 3149 iure
419 3085 689 3166 statuerunt40).
736 3084 844 3167 Quod
875 3083 943 3148 iam
972 3082 1008 3148 in
1032 3079 1284 3148 Ecclesiazusis
1308 3081 1439 3145 factum

204 3206 282 3251 esse
297 3184 460 3253 omnibus
476 3188 581 3253 rebus
598 3184 816 3267 adducimur,
833 3197 871 3252 ut
885 3184 988 3252 nobis
999 3183 1283 3271 persuadeamus.
1308 3181 1438 3265 Quam-

204 3308 311 3373 quam
332 3286 568 3369 inveniuntur,
593 3288 654 3375 qui
671 3287 761 3356 inter
776 3287 986 3356 histrionum
1002 3282 1252 3371 respirationes
1268 3283 1439 3369 populum

272 3528 316 3598 37)
335 3529 411 3585 Idem
429 3529 462 3584 de
480 3528 603 3595 carmine,
619 3528 691 3598 quod
709 3531 751 3583 eet
767 3529 796 3583 in
813 3528 893 3583 Pluto
911 3526 973 3582 inde
992 3545 1008 3583 e
1025 3543 1047 3580 v.
1065 3525 1123 3590 290,
1140 3524 1197 3578 iure
1215 3522 1312 3578 statuit
1330 3522 1440 3578 Zielins-

205 3615 264 3670 kiue
282 3616 299 3671 l
316 3617 333 3670 l
350 3633 376 3686 p.
395 3615 451 3671 158.

273 3717 317 3787 38)
335 3718 418 3784 Vide,
443 3735 512 3788 quae
537 3721 713 3789 exposuerunt
731 3717 847 3773 Kockine
872 3718 901 3772 in
918 3716 1024 3772 fabulae
1042 3715 1151 3771 edition
1169 3713 1280 3784 praefat
1297 3712 1360 3768 edit
1378 3715 1439 3767 tert

203 3822 229 3876 p.
247 3803 281 3860 30
298 3821 336 3875 eq.
356 3808 384 3859 et
401 3804 584 3859 Nesemaunue
602 3805 629 3859 in
646 3805 843 3875 programmate
861 3803 979 3858 Lissenei
997 3819 1020 3856 a
1039 3800 1113 3865 1868,
1130 3818 1156 3871 p.
1173 3799 1213 3854 20.

273 3906 316 3977 39)
336 3907 374 3964 ct
391 3907 481 3962 Plauti
492 3908 586 3962 Pseud
598 3908 618 3962 1.
630 3908 654 3962 5.
668 3907 731 3963 160:
748 3906 889 3963 tibicen
905 3922 952 3960 roe
970 3905 1074 3960 interea
1095 3904 1138 3958 hic
1157 3902 1337 3958 delectaverit
1372 3900 1440 3955 Vide

204 3996 344 4064 praeterea
360 3993 461 4048 Donati
480 3996 624 4062 argument
660 3992 776 4048 Andriae
793 3990 913 4047 Terent:
937 3990 987 4045 Est
1007 3990 1090 4059 igitur
1108 3991 1211 4044 attente
1230 3987 1440 4044 animadverten-

204 4079 275 4145 dum,
293 4080 340 4135 ubi
358 4082 386 4134 et
406 4079 512 4149 quando
530 4095 625 4134 scaena
643 4096 725 4135 vacua
744 4078 780 4133 sit
797 4077 831 4133 ab
850 4076 972 4132 omuibus
990 4075 1118 4146 personis,
1140 4076 1216 4129 utin
1235 4092 1267 4130 ee
1284 4074 1380 4129 chorus
1397 4072 1440 4127 vel

203 4165 339 4221 tibicen
366 4165 453 4221 audiri
478 4166 576 4235 poseit3
601 4165 749 4234 quodcum
767 4163 925 4229 viderimus,
950 4162 987 4218 ibi
1006 4166 1094 4218 aetum
1113 4178 1172 4216 esee
1189 4161 1294 4216 finitum
1312 4159 1440 4215 debemus

203 4268 355 4322 agnoscere.

271 4355 316 4424 40)
334 4354 372 4411 Oi
391 4353 592 4410 Schneiderum:
620 4354 661 4409 De
684 4354 764 4409 Attio.
789 4369 819 4407 re
844 4353 966 4408 scaenica
989 4370 1014 4421 p.
1038 4352 1104 4418 216,
1131 4352 1298 4421 Droyseuum
1322 4347 1350 4402 iu
1366 4344 1441 4400 Pluti

201 4439 329 4496 veniente
362 4440 443 4511 praei
475 4459 500 4511 p.
533 4440 585 4496 392
619 4439 681 4495 edit
706 4439 816 4505 tertiam
851 4439 1063 4495 Nesemeuuum:
1101 4438 1142 4493 De
1172 4435 1272 4506 epieod
1303 4432 1439 4501 Anetoph.

202 4542 228 4598 p.
245 4528 263 4581 4
280 4544 319 4598 eq.
