3242 4867
682 238 969 318 ..51..·

161 417 266 487 aliud
283 404 341 487 ”est
363 420 409 488 ad
431 421 577 488 chorum
600 423 769 509 delegari,
793 423 889 490 aliud
912 424 1006 511 ipsas
1023 426 1269 492 choreutarum
1285 426 1402 511 partes

162 546 285 609 agere.
333 525 450 611 Atque
474 525 558 606 illis,
588 526 715 612 quide
739 527 838 594 chori
861 529 995 614 parodo
1019 527 1227 594 sententiam
1247 528 1402 595 tulerunt

163 650 189 691 a
212 649 267 693 me
292 627 455 708 alienam,
488 632 575 696 haec
609 629 686 715 ipsa
715 633 824 696 verba
855 629 1018 697 videntur
1048 630 1319 698 errorisansam
1343 632 1401 699 de-

164 728 271 796 disse.
308 730 426 815 Atque
450 733 676 817 Engerusw)
700 735 808 799 verba
829 726 944 813 χαῦται
967 732 1028 816 γὰρ
1051 729 1182 820 l'faoaurv
1203 733 1272 797 κτλ.
1297 733 1401 802 inter·

164 842 325 918 prelatus
356 842 408 899 est
439 835 482 900 de
515 833 736 916 mulieribus,
770 857 862 922 quae
893 834 990 921 prius
1022 837 1066 901 ad
1095 837 1333 922 Praxagoram
1365 835 1401 902 in

164 956 333 1001 scaenam
362 947 601 1002 convenerant
627 959 785 1023 quasque
808 960 829 1002 a
853 940 961 1003 choro
985 937 1060 1004 vult
1081 936 1259 1004 seiunctas
1281 947 1316 1004 et
1338 961 1401 1024 pu·

167 1036 233 1104 tari
255 1037 459 1105 saltatrices·
506 1038 663 1106 Kockius
676 1041 727 1123 98)
760 1050 877 1107 autem
907 1062 959 1106 ex·
973 1039 1041 1107 illis
1070 1039 1187 1106 verbis
1217 1051 1311 1107 recte
1333 1039 1401 1106 sibi

167 1151 220 1207 est
242 1139 339 1207 visus
362 1140 535 1222 elicuisse,
560 1165 639 1208 cum
664 1144 868 1228 Praxagora
892 1141 1072 1208 dimidiam
1095 1153 1230 1228 partem
1254 1144 1399 1210 choreu-

166 1254 282 1308 tarum
313 1242 498 1310 advenisse
528 1243 563 1310 in
585 1266 749 1310 scaenam
779 1255 813 1310 et
844 1244 926 1311 inde
955 1244 998 1310 in'
1021 1246 1236 1311 orchestram
1259 1243 1400 1311 missam

167 1368 254 1412 esse.
302 1345 509 1413 Arnoldtius
523 1350 574 1431 94)
606 1346 759 1433 denique
788 1346 857 1414 sibi
887 1346 1060 1433 persuasit
1088 1357 1122 1413 et
1151 1345 1187 1412 in
1211 1346 1344 1433 Engeri
1366 1359 1401 1414 et

170 1448 204 1514 in
229 1448 357 1514 Kockii
387 1448 569 1515 sententiis
600 1449 734 1536 aliquid
763 1449 838 1516 veri
860 1449 994 1516 inesse.
1040 1450 1163 1535 Itaque
1195 1452 1240 1515 ab
1264 1450 1324 1516 illo
1347 1473 1400 1518 re·

168 1552 261 1637 cepit
283 1551 487 1633 saltatrices,
511 1554 556 1618 ab
579 1555 647 1619 hoc
670 1552 935 1634 hemichorium,
959 1564 998 1619 ut
1019 1551 1121 1620 nobis
1144 1553 1250 1619 fidem
1269 1554 1401 1621 faceret

168 1665 247 1740 post
269 1679 300 1719 v.
325 1670 389 1737 477
419 1654 674 1722 hemichorium
705 1657 809 1721 modo
842 1654 878 1721 in
908 1657 1124 1722 orchestram
1158 1654 1343 1723 intravisse
1366 1667 1401 1722 et

101 1755 105 1760 ’
166 1757 315 1823 alterum
339 1757 593 1824 hemichorium
610 1772 690 1844 post
705 1783 735 1825 v.
753 1775 816 1842 503
835 1761 975 1825 demum
991 1780 1071 1825 cum
1089 1760 1292 1844 Praxagora
1308 1760 1399 1825 duce

167 1859 203 1925 in
226 1882 390 1927 scaenam
414 1861 591 1947 prodisse,
621 1863 684 1928 sed
707 1861 770 1942 ita,
803 1872 841 1928 ut
863 1862 944 1928 illae
967 1860 1130 1927 mulieres
1153 1863 1400 1927 choreutarum

167 1962 239 2029 vim
263 1975 297 2029 et
319 1964 474 2050 speciem
497 1964 696 2045 retinerent,
727 1967 795 2031 hae
817 1986 901 2030 vero
925 1964 961 2030 in
983 1962 1178 2031 saltatrices
1200 1974 1399 2049 spectaren-

166 2079 223 2134 tur
247 2088 448 2133 conversae.
494 2066 634 2152 Quibus
665 2066 874 2154 adstipulari
896 2090 1077 2153 nunquam
1101 2077 1234 2152 potem.
1281 2066 1400 2152 Atque

166 2172 211 2235 de
235 2169 367 2255 Engeri
398 2169 572 2236 sententia
604 2169 835 2256 Aristophani
861 2172 906 2236 ad
929 2173 1020 2237 hanc
1043 2171 1199 2235 fabulam
1222 2170 1399 2255 agendam

166 2270 383 2338 saltatricum
412 2293 554 2358 quoque
584 2283 759 2339 catervam
790 2284 929 2358 praeter
951 2274 1098 2338 choru'm
1121 2271 1316 2358 legitimum
1340 2272 1398 2338 ad·

166 2373 275 2440 fuisse
298 2373 366 2439 iam
389 2397 506 2461 supra,
539 2374 625 2460 quid
647 2369 823 2456 sentirem,
848 2375 895 2440 ita
916 2374 1048 2461 aperui,
1072 2386 1111 2441 ut
1132 2377 1202 2441 hoc
1224 2375 1304 2441 loco
1327 2397 1398 2441 non

166 2476 211 2543 sit
234 2499 324 2562 opus
347 2477 448 2563 plura
470 2479 609 2543 addere.
656 2478 813 2564 Itemque
838 2477 965 2545 Kockii
996 2476 1165 2545 iudicium
1188 2478 1399 2558 nonhabet,

167 2591 238 2665 quo
268 2582 540 2646 commendetur.
597 2580 735 2646 Etenim
773 2581 869 2667 quod
906 2580 1094 2646 arbitratur
1124 2579 1398 2665 Aristophanem

166 2682 247 2747 ideo
271 2684 417 2747 chorum
433 2682 613 2749 reduxisse
629 2682 842 2769 bipartitum,
866 2705 910 2748 ne
927 2682 1090 2750 omnibus
1104 2681 1218 2762 simul,
1234 2683 1297 2749 sed
1313 2682 1398 2748 duo·

166 2782 281 2850 decim
304 2786 408 2851 modo
432 2786 611 2853 choreutis
633 2786 669 2851 in
693 2788 873 2854 orchestra
895 2796 986 2853 esset
1005 2784 1112 2853 vestis
1129 2781 1397 2871 coram'specta-

166 2885 300 2953 toribus
332 2889 509 2969 mutanda,
533 2930 573 2936 —
603 2911 685 2954 nam
716 2911 823 2973 quam
852 2902 986 2974 partem
1017 2887 1197 2954 dimidiam
1224 2909 1398 2954 unacum

167 2992 371 3076 Praxagora
394 3001 514 3058 censet
536 2992 738 3076 profectam,
762 3012 839 3055 eam
863 2990 932 3055 iam
955 3002 1036 3056 ante
1051 3011 1203 3057 scaenae
1218 2989 1398 3055 introitum

141 3085 276 3177 'putat‘
298 3092 445 3178 pristina
472 3092 681 3159 feminarum
712 3091 920 3158 vestimenta
949 3091 1125 3177 recepisse
1149 3131 1199 3172 —,
1223 3112 1266 3157 ea
1288 3112 1397 3157 causa

175 3217 213 3262 re
236 3217 318 3261 vera
341 3209 394 3262 est
416 3197 523 3262 nulla.
576 3197 650 3262 Cur
683 3193 810 3281 viginti
833 3204 998 3279 quattuor
1021 3196 1211 3260 choreutae
1232 3215 1305 3259 non
1327 3202 1403 3278 pot·

168 3310 268 3363 erant
306 3297 410 3365 simul
441 3311 573 3366 vestem
606 3297 742 3363 virilem
774 3318 893 3363 coram
924 3293 1181 3381 spectatoribus
1211 3296 1399 3380 deponere,

167 3423 272 3486 quam
297 3400 331 3466 in
355 3423 477 3468 eorum
500 3411 692 3487 conspectu
715 3411 819 3466 antea
843 3398 1051 3465 induerant?
1079 3398 1221 3463 Nullam
1244 3396 1303 3464 ille
1319 3419 1397 3483 pro·

166 3503 246 3569 tulit
267 3526 409 3571 causam
432 3504 500 3571 nisi
523 3507 624 3585 hanc,
656 3526 733 3570 eam
763 3525 837 3570 rem
859 3502 1007 3569 fortasse
1029 3496 1186 3588 φορτικόν
1206 3500 1315 3567 fuisse
1338 3523 1396 3568 nc·

166 3629 236 3692 que
259 3617 398 3692 poetam
421 3607 587 3673 habuisse
609 3606 693 3674 satis
719 3606 878 3673 iocorum
894 3616 1000 3691 atque
1015 3604 1223 3685 festivitatis,
1248 3614 1286 3670 ut
1301 3603 1397 3673 illam

166 3731 299 3775 moram
322 3710 521 3776 excusaret!
569 3710 718 3776 Videtur
740 3709 850 3794 igitur
874 3708 951 3782 iam¹
966 3706 1124 3774 Kockius
1147 3707 1328 3788 statuisse,
1362 3706 1398 3772 id

166 3813 263 3897 quod
286 3812 493 3879 Arnoldtius
517 3824 636 3899 aperte
660 3812 860 3897 profitetur,
890 3809 1077 3876 duodecim
1100 3809 1245 3876 comites
1270 3811 1397 3878 Praxa-

165 3936 276 3999 gorae
299 3913 434 3981 verbis:
465 3913 522 3979 καὶ
550 3912 661 3998 μέντοι
677 3913 731 3979 ’σὺ
759 3913 822 3998 μὲν
850 3908 972 3989 ταύτας
993 3910 1225 3996 κατευτρέπιζε
1248 3912 1397 3980 alterum

165 4016 421 4083 hemichorium
455 4016 491 4082 in
531 4029 628 4084 veste
664 4018 912 4084 commutanda
950 4014 1118 4082 adiuvare
1159 4014 1271 4082 iussas
1309 4035 1397 4080 esse.

167 4121 299 4186 Verum
322 4129 439 4185 tamen
462 4141 577 4205 neque
601 4119 758 4185 Kockius
781 4140 898 4204 neque
918 4116 1126 4184 Arnoldtius
1149 4126 1397 4202 exposuerunt,

165 4244 230 4288 cur
251 4220 438 4289 duodecim
461 4225 708 4288 choreutarum
732 4222 787 4288 vel
810 4219 1026 4287 saltatricum
1048 4243 1156 4309 opera
1172 4229 1263 4286 esset
1278 4241 1397 4285 neces·

233 4390 279 4460 aa)
297 4389 335 4447 or
353 4391 371 4445 1.
388 4392 404 4444 1.
422 4409 447 4461 p.
466 4392 523 4445 aar.

234 4476 278 4545 oa)
298 4476 337 4532 or.
354 4476 372 4530 r
390 4476 406 4530 r
422 4494 448 4545 p.
466 4477 523 4532 274.

235 4561 279 4636 94)
297 4560 335 4621 Ol
352 4561 370 4622 L
387 4560 404 4615 l
421 4578 446 4637 p.
466 4560 521 4622 105.
