3242 4867
721 142 935 217 ...5022

216 331 380 408 remotae,
399 342 488 413 quas
503 319 601 405 alios,
618 322 679 412 qui
694 323 781 389 alias
796 321 989 390 sententias
1005 323 1169 402 tulerunt,
1185 320 1253 388 sibi
1270 313 1456 406 peperisse

215 427 449 512 videmus⁹⁰l.
495 430 540 493 Et
561 426 741 513 aptissima
764 427 809 491 ad
833 446 944 491 meam
969 446 1112 510 quoque
1134 424 1345 489 sententiam
1368 435 1456 489 sunt

215 532 325 597 verba
362 555 416 597 vv.
446 548 514 613 300
544 553 614 616 sq.:
658 522 721 614 ὅρα
754 521 786 591 d'
827 523 920 604 ὅπως
952 520 1125 614 ὠθήσομεν
1154 524 1268 591 τούσδε
1306 524 1382 602 τοὺς
1413 524 1456 605 ἐξ

219 627 346 711 ἄστεως
367 628 514 722 ἥκοντας,
545 633 675 718 quibus
698 631 907 698 Arnoldtius
930 630 1064 716 Engeri
1086 629 1295 696 sententiam
1317 628 1458 696 studuit

219 735 412 822 infringere
434 758 606 821 suamque
628 757 701 801 non
724 734 840 801 minus
862 734 985 800 falsam
1008 744 1043 799 et
1066 755 1186 799 rursus
1209 754 1231 798 a
1246 733 1366 798 Muffio
1390 732 1455 796 im-

217 851 412 924 pugnatam
452 839 692 924 comprobare.
755 837 964 903 Tenendum
1003 834 1096 902 enim
1138 846 1191 902 est
1226 835 1455 901 mulierculas

218 941 411 1028 agrestium
441 941 595 1027 speciem
627 963 712 1027 prae
741 962 780 1007 se
803 942 954 1006 ferentes
986 960 1028 1005 ea
1059 941 1167 1005 verba
1199 939 1334 1005 locutas
1364 959 1455 1017 esse,

219 1056 258 1111 ut
289 1066 404 1111 mores
438 1066 581 1131 quoque
612 1055 646 1110 et
677 1043 910 1129 cogitationes
937 1042 1143 1128 plebeculae
1166 1041 1317 1107 rusticae
1342 1040 1456 1106 imita·

218 1159 347 1214 rentur.
393 1146 557 1233 Denique
588 1146 619 1212 si
649 1145 848 1212 universam
876 1156 1016 1230 spectas
1040 1144 1211 1210 rationem
1234 1165 1366 1224 meam,
1395 1143 1458 1208 vix

218 1248 350 1335 poteris
378 1270 511 1334 negare
542 1271 620 1316 eam
651 1270 692 1313 ea
722 1269 866 1334 quoque
889 1246 1128 1313 commendari
1151 1269 1206 1327 re,
1238 1248 1334 1331 quod
1358 1258 1457 1312 certe

218 1351 328 1417 multo
351 1363 404 1418 est
426 1351 621 1438 simplicior
644 1373 749 1438 quam
773 1350 921 1416 aliorum
945 1350 1040 1415 velut
1064 1349 1243 1415 Arnoldtii
1264 1349 1459 1416 artificiosa

218 1465 253 1519 et
275 1452 378 1519 nimis
402 1465 559 1521 tortuosa
586 1452 784 1540 explicatio.
1373 1454 1377 1462 '

632 1779 684 1847 oe
706 1777 810 1846 ohorl
832 1778 1040 1864 eplperodo.

305 1899 481 1966 Contione
513 1911 655 1986 peracta
686 1901 816 1966 chorus
847 1899 1033 1965 revertitur
1069 1910 1104 1966 et
1133 1898 1238 1965 intrat
1269 1900 1386 1964 denuo
1420 1897 1455 1963 in

220 2004 435 2069 orchestram
458 2013 538 2088 post
560 2027 591 2069 v.
615 2018 689 2085 477.
736 2002 856 2089 Atque
886 2024 964 2069 esse
987 2004 1128 2069 easdem
1152 2000 1333 2081 mulieres,
1363 2021 1456 2085 quae

219 2116 324 2171 antea
369 2104 405 2170 in
448 2126 613 2172 scaenam
657 2117 912 2187 convenerant,
957 2105 1155 2171 luculenter
1199 2094 1487 2170 demonstratur

220 2232 275 2274 vv.
299 2209 365 2292 489
386 2231 475 2295 sqq„
508 2207 636 2293 quibus
672 2210 897 2294 Praxagorae
928 2209 1071 2275 domum
1103 2207 1260 2274 indicant
1290 2227 1327 2271 se
1357 2225 1454 2270 reco-

221 2331 405 2396 gnoscere.
460 2310 546 2377 lllae
576 2322 693 2377 autem
724 2307 831 2397 ἕτεραι
863 2309 996 2376 ἐκτῶν
1026 2303 1132 2396 ἀγρῶν
1162 2312 1326 2393 γυναῖκες,
1364 2328 1456 2393 quae

220 2436 275 2478 vv.
300 2414 365 2478 280
386 2436 437 2499 sq.
470 2414 516 2479 ad
546 2435 697 2499 pnycem
723 2415 950 2500 fingebantur
973 2414 1203 2493 contendere,
1235 2412 1317 2477 inde
1340 2409 1456 2478 statim

222 2515 364 2580 domum
387 2515 573 2583 revertisse
595 2518 802 2583 statuendae
825 2528 915 2583 sunt.
951 2517 1077 2602 Neque
1100 2537 1234 2596 vereor,
1257 2536 1302 2581 ne
1326 2537 1347 2580 a
1369 2535 1455 2599 quo·

222 2638 329 2701 quam
349 2628 588 2703 spectatorum
620 2618 690 2685 sint
721 2630 944 2704 exspectatae
974 2632 1142 2704 tanquam
1172 2618 1208 2683 in
1238 2619 1454 2684 orchestram

222 2720 447 2787 adventurae.
504 2720 642 2787 Etenim
680 2721 763 2807 quia
800 2721 979 2807 legitimus
1012 2725 1259 2788 choreutarum
1290 2741 1457 2785 numerus

223 2821 392 2902 redierat,
424 2821 640 2890 incremento
663 2823 762 2890 nullo
785 2835 860 2890 erat
883 2846 984 2911 opus.
1032 2825 1099 2890 »At
1119 2846 1192 2890 non
1215 2826 1359 2909 plenum
1376 2824 1458 2888 cho·

223 2945 300 2988 rum
323 2921 359 2988 in
382 2926 597 2991 orchestram
613 2925 821 3002 convenisse
838 2928 1097 3010 demonstratur
1112 2937 1237 3012 poetae
1254 2925 1364 3011 ipsius
1384 2947 1458 2991 ver-

223 3024 286 3092 bis.
333 3025 593 3111 Cognoscimus
616 3028 710 3095 enim
734 3050 777 3094 ex
799 3052 830 3095 v.
855 3045 937 3112 503:
964 3020 1079 3109 χαῦται
1109 3028 1169 3114 γὰρ
1199 3022 1330 3114 ἥκουσιν
1354 3023 1457 3091 πάλαι

222 3125 260 3194 τὸ
282 3130 391 3217 σχῆμα
412 3122 496 3194 τοῦτ’
521 3125 652 3211 ἔχουσαι
676 3142 776 3198 etex
798 3155 830 3197 v.
855 3147 938 3217 509:
969 3129 1024 3195 καὶ
1054 3128 1165 3214 μέντοι
1196 3128 1235 3194 σύ
1257 3128 1317 3213 μὲν
1339 3126 1458 3206 ταύεας

222 3229 455 3317 κατευτρέπιζε
479 3255 560 3300 cum
576 3234 781 3319 Praxagora
804 3244 904 3300 certe
921 3256 1027 3299 unam
1043 3232 1226 3298 mulierem
1243 3232 1279 3298 in
1295 3254 1458 3299 scaenam

223 3334 379 3415 venisse,
413 3357 503 3421 quae
534 3337 579 3400 ad
611 3338 757 3402 chorum
788 3337 1001 3422 delegatur«
1060 3337 1255 3422 Delegatur
1284 3358 1386 3417 sane,
1425 3346 1458 3410 et

223 3436 370 3502 fortasse
406 3458 478 3502 non
516 3459 587 3503 una
623 3448 775 3519 tantum,
819 3439 882 3505 sed
918 3439 1054 3525 plures,
1102 3439 1137 3503 id
1173 3440 1269 3524 quod
1306 3449 1458 3505 statuere

224 3559 297 3603 non
327 3537 555 3625 prohibemur
587 3540 796 3626 pronomine
829 3537 868 3604 σύ
899 3542 943 3623 (v.
969 3544 1121 3627 509)⁹¹).
1177 3544 1309 3609 Verum
1343 3552 1458 3607 tamen

293 3723 337 3794 90)
355 3725 424 3780 Vide
441 3726 513 3798 ipsae
532 3742 623 3782 eorum
641 3726 851 3784 ffireematioma
884 3728 992 3785 Etenim
1008 3730 1119 3799 longum
1137 3732 1179 3784 est
1201 3729 1322 3799 singulos
1340 3743 1458 3799 quosque

225 3826 334 3877 errores,
351 3810 398 3880 qui
415 3811 484 3866 alter
501 3812 614 3867 alterum
632 3813 785 3880 docuerunt,
803 3819 971 3870 enumeratos
988 3815 1116 3870 refellere
1151 3815 1240 3869 Facile
1257 3815 1316 3884 ipre
1333 3816 1457 3879 iuvenior,

225 3910 293 3965 quae
311 3913 365 3951 non
382 3894 523 3962 videantur
540 3897 678 3965 credenda,
695 3899 769 3954 velut
787 3900 860 3970 quod
876 3900 1032 3956 Amoldtn'ue
1049 3901 1066 3955 l
1084 3902 1101 3955 l.
1118 3919 1143 3971 p.
1156 3901 1206 3956 102
1223 3900 1363 3955 mulierum
1381 3900 1458 3955 urba·

223 3998 317 4037 narum
334 3980 531 4049 hemiohorium,
549 3983 622 4052 quod
639 3985 741 4051 statuit
759 3984 825 4041 feeit
841 3985 947 4042 silentio
967 3986 999 4041 de
1018 3988 1153 4042 orchestra
1171 4003 1314 4057 egressum

290 4067 335 4135 91)
353 4066 391 4124 Ol
409 4067 508 4124 Eoolee.
520 4086 543 4123 v.
555 4068 606 4125 293
618 4086 688 4140 ⁸qu
707 4065 762 4124 ἀλλ’
775 4062 797 4125 αἶ
812 4073 968 4139 Χαριτιμίδη
988 4074 1032 4126 καὶ
1050 4074 1171 4139 Σμίκυθε
1190 4072 1234 4125 καὶ
1253 4074 1365 4139 Δράκης,
1386 4071 1459 4125 ἕπου

223 4153 412 4219 κατεπείγων,
438 4157 551 4224 σαυτῷ
576 4156 707 4226 προσέχων
733 4151 804 4218 ὅπως
827 4157 908 4224 μηδὲν
925 4164 1125 4228 παραχορδιεῖς
1150 4150 1185 4211 eir
1212 4164 1256 4213 δεῖ
1272 4154 1296 4211 o'
1314 4156 1405 4212 αἀοδει
1419 4176 1459 4220 αι;

222 4233 287 4291 ibid
303 4253 327 4291 r.
344 4236 411 4294 8672
436 4238 474 4292 σὺ
502 4236 534 4302 δ’,
561 4231 584 4293 ω’
604 4241 696 4293 ’Σίκων
720 4245 765 4294 καὶ
783 4242 940 4308 Παρμένων,
968 4246 1093 4310 αἴρεσθε
1117 4243 1165 4312 τήν
1189 4245 1355 4312 παμπησίαυς
1384 4243 1461 4314 νεαρ,

223 4333 263 4375 vr.
280 4320 331 4376 433
349 4336 387 4390 sq.
406 4313 429 4376 ei
447 4324 519 4377 Μίδα
537 4325 581 4376 καὶ
599 4321 672 4390 Φρὺξ
691 4323 797 4393 βοήθει
815 4328 891 4391 δεῦρο
909 4326 953 4380 καὶ
971 4327 1113 4394 Martium,
1137 4328 1182 4381 art
1200 4328 1337 4397 latitate
1354 4331 1458 4394 τουτουί.

230 4404 396 4477 Quamquam
408 4408 538 4463 Veleenus
557 4425 615 4464 cum
634 4408 776 4480 Blayderio
794 4411 876 4468 verba
894 4410 926 4465 αὖ
945 4412 990 4479 μέν
1007 4413 1042 4469 ed
1060 4430 1119 4469 eam
1134 4413 1217 4469 refert
1231 4414 1376 4482 mulierem,
1394 4428 1460 4486 quae

142 4489 144 4493 ⁴
226 4492 366 4564 coryphaei
383 4496 473 4565 partes
492 4494 596 4566 agebat
