3242 4867
702 150 917 222 ..31-

196 349 285 416 gora
325 347 435 395 uxore
472 326 720 415 obiurgatione
756 329 873 395 denuo
904 327 1030 395 emicat
1059 326 1197 394 futurae
1228 325 1433 395 comoediae

197 432 326 518 imago
382 430 519 525 Dixerit
545 433 694 498 fortasse
723 430 917 518 quispiam,
951 433 1019 497 hoc
1051 430 1214 516 coniugis
1244 454 1324 498 cum
1356 431 1432 497 viro

195 538 393 620 congressu
424 545 564 620 poetam
597 556 669 599 non
701 533 858 620 potuisse
892 555 1012 601 carere
1044 544 1078 599 et
1108 544 1291 619 praeterea
1321 533 1357 598 in
1388 556 1431 600 eo

196 637 312 704 inesse
348 636 450 718 satis,
476 659 562 722 ¹quo
592 647 733 703 notetur
762 636 970 702 feminarum
1003 635 1130 703 astutia
1161 648 1196 702 et
1225 635 1431 722 procacitas.

196 741 366 806 Concedo
396 751 593 825 utrumque.
639 740 711 806 Sed
740 739 826 825 quid
856 739 945 806 lucri
977 739 1114 826 capitur
1136 761 1180 805 ex
1202 741 1269 805 hac
1292 739 1433 806 cavilla·

198 842 305 923 tione,
338 841 506 927 quoniam
529 853 652 929 postea
674 842 723 934 nil
746 842 915 927 sequitur,
947 843 1043 927 quod
1067 841 1148 908 inde
1171 842 1346 928 pendeat?
1390 845 1435 908 Et

196 945 226 1011 si
249 944 329 1031 quis
352 955 511 1011 nostrum
534 947 651 1011 locum
675 945 934 1031 comparaverit
957 967 1037 1012 cum
1060 944 1276 1030 Lysistratae
1298 968 1353 1010 vv.
1371 946 1434 1029 829

195 1070 282 1133 sqq,
313 1047 374 1113 ubi
398 1047 560 1115 Cinesias
592 1070 672 1115 cum
695 1069 805 1114 uxore
828 1049 963 1133 perfida
986 1047 1224 1132 congreditur,
1253 1047 1357 1113 facile
1380 1047 1430 1112 in·
1481 1131 1485 1136 g

195 1151 349 1235 telleget,
373 1150 458 1235 quid
481 1150 572 1216 inter
593 1152 748 1216 fabulam
771 1172 854 1216 vere
874 1150 1054 1235 antiquam
1071 1159 1105 1216 et
1121 1159 1276 1215 nostram
1293 1148 1429 1215 intersit

196 1251 416 1319 discriminis.
463 1254 555 1319 Nam
585 1274 677 1339 quae
706 1252 777 1320 illic
800 1266 973 1338 aguntur,
1005 1275 1085 1319 cum
1109 1251 1186 1319 aliis
1210 1254 1314 1319 rebus
1338 1275 1431 1318 com·

197 1354 370 1421 menticiis
402 1357 494 1423 bene
522 1365 605 1423 sunt
633 1355 823 1422 coniuncta
853 1366 887 1422 et
918 1357 1133 1441 adaequata,
1166 1355 1201 1420 id
1229 1357 1325 1441 quod
1349 1355 1431 1421 inde

199 1456 329 1543 optime
352 1458 573 1544 perspicitur,
597 1460 693 1545 quod
717 1458 880 1526 Cinesias
902 1459 948 1524 ad
971 1480 1115 1525 uxorem
1133 1459 1344 1524 domandam
1359 1481 1432 1524 non

197 1559 248 1627 eis
270 1562 375 1628 rebus
398 1561 517 1642 utitur,
540 1584 632 1647 quae
655 1584 692 1628 re
715 1583 799 1627 vera
821 1561 1096 1649 suppeditabant
1119 1560 1188 1628 civi
1211 1561 1431 1642 Atheniensi,

195 1664 259 1728 sed
291 1662 367 1750 ipse
397 1686 540 1750 quoque
570 1664 646 1751 agit
673 1687 716 1731 ex
746 1671 872 1731 natura
902 1665 983 1731 ficta
1006 1675 1040 1730 et
1065 1665 1205 1730 fabulae
1229 1663 1433 1731 condicioni

197 1766 403 1851 adaequata.
449 1767 521 1833 Sed
544 1766 580 1832 in
604 1767 858 1834 Ecclesiazusis
881 1766 946 1833 etsi
969 1766 1088 1853 agitur
1111 1789 1227 1846 causa,
1251 1789 1343 1852 quae
1358 1789 1431 1832 non

196 1878 249 1933 est
271 1890 368 1949 vera,
399 1880 516 1935 tamen
549 1881 654 1956 poeta
685 1893 791 1957 quam
814 1870 964 1936 maxime
987 1881 1040 1936 est
1063 1869 1216 1936 imitatus
1240 1869 1431 1935 veritatem.

198 1971 323 2056 Neque
355 1972 548 2058 quidquam
572 1984 640 2055 est,
671 1974 768 2059 quod
791 1974 851 2050 fiat
874 1983 997 2039 contra
1020 1995 1136 2039 rerum
1159 1984 1339 2052 naturam,
1369 1973 1433 2038 sed

196 2085 369 2158 geruntur
399 2074 516 2139 omnia
549 2096 592 2140 ex
621 2075 804 2140 hominum
836 2097 932 2141 more
964 2086 998 2141 et
1027 2074 1293 2141 consuetudine.
1349 2074 1430 2157 Quo

114 2227 123 2243 .
197 2175 244 2255 fit,
268 2186 306 2240 ut
329 2175 416 2241 nihil
439 2176 643 2262 graviorum
665 2178 918 2244 sententiarum
938 2177 975 2243 in
991 2199 1034 2244 eo
1050 2199 1212 2244 sermone
1228 2175 1431 2262 reperiatur.

198 2279 276 2343 Hae
306 2277 400 2344 enim
431 2281 588 2365 pendent
617 2302 660 2346 ex
690 2280 805 2347 causis
832 2280 949 2346 animo
975 2291 1009 2346 et
1031 2279 1246 2365 cogitatione
1270 2277 1432 2359 inventis,

196 2402 269 2445 non
301 2402 343 2447 ex
373 2383 496 2462 rebus,
535 2405 623 2468 quas
658 2382 694 2448 in
724 2406 790 2450 usu
821 2394 856 2450 et
886 2382 1142 2449 consuetudine
1174 2381 1267 2448 vitae
1294 2381 1431 2447 aurium

197 2483 253 2548 vel
284 2483 467 2550 oculorum
499 2507 607 2573 opera
636 2497 821 2573 perceptas
852 2485 1031 2552 imitantur
1061 2496 1197 2572 poetae.
1243 2485 1362 2569 Atque
1386 2483 1433 2549 ita

197 2607 253 2651 res
286 2585 377 2652 iacet
406 2588 520 2669 humi',
553 2599 591 2654 ut
619 2588 650 2656 si
680 2611 723 2656 ex
749 2600 822 2655 tota
845 2588 1028 2655 comoedia
1050 2587 1137 2653 nihil
1160 2586 1228 2654 nisi
1251 2586 1309 2652 hic
1332 2587 1431 2652 locus

196 2700 405 2774 superesset,
429 2713 474 2756 ne
496 2703 623 2779 poetae
646 2691 788 2777 quidem
811 2691 954 2758 nomine
977 2701 1165 2771 asservat0,
1192 2691 1350 2776 profecto
1373 2688 1432 2754 vix

199 2809 291 2864 esset
313 2799 515 2883 quisquam,
547 2794 608 2881 qui
632 2794 863 2880 Aristophani
885 2795 941 2861 vel
965 2794 1041 2876 alii,
1072 2816 1224 2879 quorum
1246 2791 1429 2860 comoedia

197 2900 313 2985 prisca
335 2901 491 2966 virorum
514 2909 575 2978 est,
598 2900 667 2964 hoc
689 2899 927 2983 fragmentum
949 2897 1163 2963 attribueret.

284 3004 432 3070 Peracta
455 2999 704 3086 obiurgatione
727 2999 796 3064 iam
819 3000 864 3064 ad
891 3020 1058 3084 »agona«,
1082 3020 1188 3084 quem
1211 2997 1430 3083 nuncupavit

195 3104 418 3185 Zielinskius,
447 3103 691 3189 accinguntur.
738 3101 850 3168 Cuius
873 3102 917 3167 de
939 3103 1051 3167 forma
1073 3122 1138 3186 pro
1162 3097 1306 3183 reliquis
1329 3098 1429 3163 muti·

196 3208 267 3272 lata
298 3218 332 3274 et
356 3207 450 3272 Pluti
480 3204 656 3273 simillima
685 3214 850 3285 nonest,
882 3204 979 3289 quod
1001 3201 1163 3288 pluribus
1187 3201 1319 3280 dicam,
1352 3223 1432 3266 cum

197 3310 503 3396 westphaliusff)
527 3320 562 3375 et
583 3307 860 3392 Zielinskius¹⁷)
883 3305 967 3374 satis
990 3328 1032 3373 ea
1055 3306 1099 3372 de
1115 3326 1153 3370 re
1169 3303 1316 3390 egerint.
1362 3304 1431 3369 Ve-

197 3434 273 3478 rum
305 3434 377 3478 non
406 3413 520 3479 solum
553 3413 666 3478 forma
696 3409 841 3496 antiqua
872 3420 925 3477 est
953 3409 1133 3495 neglecta,
1165 3409 1228 3475 sed
1260 3429 1305 3474 ne
1333 3406 1368 3472 in
1392 3427 1429 3472 re

197 3514 340 3599 quidem
362 3525 397 3580 et
419 3512 602 3581 sententiis
625 3512 771 3600 pristina
794 3512 1013 3580 consuetudo
1036 3521 1184 3579 servata.
1231 3512 1322 3577 Nam
1338 3530 1430 3594 quae

198 3628 371 3702 aguntur,
401 3618 447 3683 ab
476 3616 562 3698 illis,
595 3637 687 3702 quae
718 3615 754 3681 in
780 3616 922 3681 fabulae
945 3614 1096 3701 prologo
1121 3625 1221 3680 erant
1243 3611 1432 3700 proposita,

198 3741 342 3805 prorsus
374 3731 456 3786 sunt
484 3719 600 3786 aliena
630 3720 686 3800 (cf.
718 3742 772 3786 vv.
809 3734 871 3802 174
905 3742 1000 3805 sqq,
1034 3735 1092 3802 193
1116 3741 1210 3803 sqq,
1242 3730 1304 3798 205
1329 3714 1431 3800 sqq).

199 3823 282 3888 Non
304 3821 397 3888 enim
420 3822 597 3908 pertinent
619 3823 664 3888 ad
687 3822 737 3888 rei
760 3821 924 3909 publicae
947 3821 1105 3902 salutem,
1128 3822 1192 3887 sed
1215 3819 1260 3884 ad
1275 3817 1430 3883 virorum

197 3923 477 4010 feminarumque
522 3925 685 3990 libidines
729 3925 890 3991 fabulose
931 3923 1133 4010 explendas.
1196 3919 1433 4003 Eiusdemque

198 4037 281 4092 sunt
309 4026 469 4112 generis,
501 4049 592 4112 quae
622 4026 704 4093 inde
734 4028 1008 4111 subsequuntur.
1054 4023 1191 4090 Etenim
1215 4044 1295 4089 cum
1318 4042 1434 4107 neque

202 4130 405 4214 Praxagora
436 4129 512 4216 ipsa
539 4151 655 4216 neque
678 4128 769 4195 aliae
791 4128 956 4194 mulieres
978 4127 1023 4192 ad
1047 4125 1097 4191 rei
1120 4125 1284 4212 publicae
1307 4125 1434 4208 guber·

202 4287 211 4293 .
220 4287 405 4296 —m-——a-

270 4368 312 4437 16)
331 4367 370 4424 Of
388 4367 422 4423 de
440 4385 469 4422 re
487 4367 597 4423 metrica
615 4367 776 4423 Graecorum
793 4365 844 4421 vol.
861 4365 895 4431 Il,
913 4381 937 4435 p.
955 4363 1006 4418 402
1025 4379 1085 4418 ann.
1104 4365 1126 4420 1.

271 4454 314 4524 17)
334 4453 373 4509 ct.
390 4454 407 4509 l
424 4454 442 4509 l.
459 4472 484 4526 p.
502 4454 536 4509 28
553 4470 610 4524 sqq.
765 4453 774 4467 '
