3242 4867
705 11 921 144 „244

201 251 404 317 exornanda
427 249 663 318 Athenienses
691 273 733 317 eo
756 261 934 337 tempore,
966 272 1037 335 quo
1060 249 1286 335 spectabatur
1307 248 1441 328 fabula,

202 352 238 420 id
260 364 313 421 est
336 353 480 421 ineunte
502 376 595 420 anno
618 371 694 438 390,
718 353 786 420 iam
810 363 911 421 erant
933 350 1107 439 occupati,
1134 362 1172 417 ut
1194 361 1305 418 esset:
1485 363 1487 368 ’

945 451 1087 543 ἡπόλις
1109 451 1196 520 πλέοι
1240 481 1244 489 ·

355 554 502 646 θορύβου
524 563 743 646 στρατιωτῶν,
765 557 844 646 περὶ
864 554 1056 645 τριηράρχου
1077 559 1165 644 βοῆς,

356 665 485 745 μισθοῦ
507 661 688 747 διδομένου,
711 658 914 728 Παλλαδίων
933 657 1158 749 χρυσουμένων
1181 660 1251 725 κτλ.

286 765 328 830 es.
362 765 452 831 Ach.
474 788 529 831 vv.
553 779 616 848 545
640 789 716 852 sqq.

286 866 425 951 Quibus
454 866 622 954 expositis
646 866 716 934 iam
739 870 922 935 redeamus
945 868 991 934 ad
1013 866 1258 946 scholiastam,
1288 889 1334 933 ne
1356 889 1439 933 eum

201 971 306 1057 plane
336 969 496 1038 omisisse
527 969 719 1037 videamur.
766 970 979 1037 Natalicium
1010 970 1120 1057 igitur
1141 971 1283 1037 fabulae
1306 993 1446 1052 annum¹

199 1073 398 1140 studuimus
420 1075 571 1160 probare
595 1074 651 1139 Ol.
674 1089 768 1158 97‚2;
791 1073 1062 1142 Atheniensium
1079 1076 1365 1159 Boeotorumque
1381 1095 1437 1139 so·

200 1175 361 1242 cietatem
374 1176 419 1241 ad
431 1186 628 1261 praetorem
639 1176 888 1243 Phormionem
901 1174 1102 1243 censuimus
1113 1176 1333 1242 referendam
1348 1197 1437 1241 esse.
1454 1205 1458 1210 ·

202 1279 324 1363 Itaque
353 1277 383 1344 si
407 1301 486 1357 cum
510 1278 782 1345 Tchorzewskio
805 1288 840 1344 et
863 1277 1083 1345 Schneidero
1105 1277 1290 1344 statuimus
1313 1300 1437 1344 vocem

199 1376 274 1460 δύο,
304 1403 410 1466 quam
441 1403 518 1448 esse
548 1381 723 1468 integram
756 1392 901 1467 propter
929 1380 1056 1448 scholii
1086 1380 1332 1447 condicionem
1361 1379 1437 1446 iure

199 1506 286 1551 sane
309 1482 465 1550 diffidere
487 1483 585 1564 licet,
616 1506 659 1551 ex
681 1483 819 1550 numeri
842 1483 1057 1570 quaternarii
1079 1484 1202 1550 notula
1224 1480 1254 1547 δ’
1281 1493 1438 1551 exortam

200 1608 287 1667 esse,
311 1609 356 1653 ne
378 1586 590 1654 scholiastae
611 1586 754 1672 quidem
777 1586 968 1652 auctoritas
991 1598 1044 1653 est
1065 1585 1327 1672 impediment0‚
1350 1608 1437 1672 quo·

201 1688 323 1767 minus¹
339 1690 479 1756 fabulae
501 1689 653 1755 natalem
669 1699 764 1755 recte
780 1689 986 1756 enucleasse
1002 1689 1192 1755 videamur.
1238 1690 1330 1754 Nam
1346 1687 1440 1754 inter
1510 1691 1515 1694 ’

201 1791 372 1859 Nicotelis
407 1803 607 1878 praeturam
639 1792 711 1872 (Ol.
740 1792 830 1876 973)
868 1801 903 1857 et
935 1791 1159 1858 Phormionis
1193 1790 1439 1876 magistratum

200 1893 271 1975 (01.
294 1894 382 1978 96‚1)
413 1905 578 1980 quattuor
607 1916 724 1959 annua
751 1892 899 1978 imperia
920 1904 1003 1960 sunt
1025 1893 1216 1960 interiecta.
1262 1894 1439 1960 Auctores

201 2007 318 2063 autem
339 1996 555 2063 scholiorum
578 1995 753 2062 interdum
776 2006 811 2062 et
835 1996 933 2061 illum
956 2007 1164 2083 praetorem,
1194 2020 1215 2062 a
1237 2019 1308 2082 quo
1332 1997 1438 2081 profi-

201 2098 354 2179 ciscitur‚
378 2109 412 2165 et
434 2121 525 2179 eum,
548 2099 594 2164 ad
616 2120 721 2184 quem
744 2097 928 2165 descendit
950 2099 1177 2185 computatio,
1200 2120 1273 2164 non
1296 2097 1333 2163 in
1355 2121 1438 2164 cen·

201 2223 279 2267 sum
316 2222 462 2267 vocasse
503 2200 572 2266 iam
608 2224 716 2287 supra
756 2200 921 2266 indicavi.
983 2201 1080 2267 Idem
1110 2212 1205 2267 recte
1236 2200 1439 2266 observavit

202 2302 502 2370 Tchorzewskius.
549 2305 593 2369 Et
623 2314 743 2370 nostro
774 2303 853 2369 loco
888 2304 1036 2370 eandem
1067 2303 1238 2370 rationem
1262 2326 1334 2369 non
1357 2325 1437 2369 esse

203 2404 391 2472 admissam
414 2404 493 2491 quis
517 2416 579 2486 est,
602 2404 664 2491 qui
686 2404 789 2471 nobis
813 2406 1046 2490 persuadeat?
