3242 4867
718 174 929 242 ..39-

206 343 382 411 actionem
405 355 440 411 et
462 346 508 411 ad
531 368 695 412 scaenam
719 343 1036 430 converterent44).
1083 348 1221 415 Etenim
1237 348 1344 434 paulo
1361 358 1440 432 post
1525 418 1532 426 ,

206 448 418 534 Chremylus
442 448 478 514 in
500 471 664 515 scaenam
682 460 734 516 est
749 472 923 536 egressus.
949 450 1021 535 Qui
1037 474 1116 517 cum
1133 454 1278 518 chorum
1295 450 1440 518 comiter

206 551 434 636 compellaret
455 551 662 638 verbisque:

455 648 548 731 ὅπως
570 652 609 720 δέ
629 678 686 739 μοι
708 649 891 721 solubilia
914 652 1193 743 συμπαραστάται

452 752 570 822 ἔσεσθε
592 756 649 822 καὶ
671 762 813 846 σωτῆρες
830 754 934 836 ὄντας
956 760 1014 824 τοῦ
1037 763 1116 825 θεοῦ
1139 761 1207 842 (vv.
1232 760 1296 842 326
1317 762 1384 845 sq.)

205 862 407 926 orchestrae
437 860 598 928 libertate
626 862 728 947 quasi
757 863 897 929 sublata
920 863 1088 944 rusticoS,
1120 863 1181 949 qui
1205 862 1240 929 in
1264 886 1305 930 ea
1329 875 1438 942 erant,
1504 860 1506 864 ’

202 964 335 1029 faceret
358 963 545 1030 ministros·
559 975 594 1030 et
615 964 783 1032 satellites
807 988 939 1047 eorum,
965 966 1027 1052 qui
1050 966 1085 1032 in
1108 989 1237 1033 scaena
1260 989 1332 1032 rem
1356 988 1438 1051 age·

204 1067 299 1146 bant,
323 1065 453 1151 optime
475 1089 571 1148 sane,
596 1066 626 1133 si
649 1067 686 1133 in
708 1090 821 1134 meam
844 1069 1053 1135 sententiam
1074 1069 1255 1155 accipitur,
1278 1071 1439 1135 sehabet

204 1167 367 1235 Carionis
392 1169 609 1250 adhortatio:
641 1165 735 1253 ὑμεῖς
757 1163 790 1235 δ’
816 1164 866 1234 ἐπ’
891 1164 969 1236 ἄλλ’
994 1162 1083 1247 εἶδος
1105 1169 1280 1257 τρέπεσθε.
1327 1170 1436 1237 Nimi-

202 1293 280 1340 rum
311 1273 558 1338 choreutarum
592 1295 682 1358 quae
714 1275 827 1339 suerat
857 1284 984 1340 natura
1023 1273 1183 1359 propria,
1222 1274 1291 1339 iam
1333 1276 1438 1359 plane

203 1384 278 1440 erat
298 1374 458 1440 exuenda
473 1385 508 1441 et
523 1377 725 1441 abeundum
741 1374 777 1440 in
793 1387 968 1442 mutarum
984 1378 1056 1442 fere
1072 1398 1301 1461 personarum
1318 1376 1437 1457 otium,

203 1498 295 1562 quae
326 1498 440 1561 paene
471 1499 543 1542 non
572 1479 617 1542 ad
649 1488 766 1563 partes
796 1480 1031 1558 vocabantur,
1063 1478 1131 1545 nisi
1154 1478 1363 1545 histrionum
1386 1502 1438 1546 re·

201 1578 394 1665 spiratione
424 1590 568 1665 peracta
600 1582 717 1646 denuo
749 1580 941 1666 incipiebat
970 1582 1062 1648 actio
1095 1582 1150 1663 (cf.
1182 1604 1237 1647 vv.
1263 1582 1327 1663 627
1350 1605 1436 1667 sqq,

203 1683 267 1747 802
291 1704 378 1768 sno,
402 1697 466 1766 959
488 1685 589 1768 sno)-

290 1802 412 1887 Itaque
443 1802 549 1888 plane
575 1802 760 1870 abicienda
783 1814 835 1870 est
858 1804 992 1890 Engeri
1014 1804 1188 1871 sententia
1211 1804 1280 1870 iam
1302 1807 1347 1869 ab
1371 1804 1437 1870 Ar·

202 1903 401 1988 noldtio4f‘)
426 1915 460 1971 et
477 1905 680 1988 Kockioess)
703 1906 779 1972 iure
802 1906 1020 1993 impugnata.
1067 1907 1129 1973 Ille
1153 1906 1246 1973 enim
1268 1917 1438 1973 statuerat

202 2017 342 2093 praeter
364 2006 491 2093 viginti
510 2019 677 2094 quattuor
692 2011 878 2076 choreutas
894 2008 1109 2076 saltatricum
1125 2031 1269 2096 quoque
1284 2009 1435 2094 aliquem

202 2132 387 2175 numerum
404 2109 636 2196 Aristophani
659 2113 704 2177 ad
726 2112 882 2177 fabulam
905 2114 1080 2197 agendam
1097 2123 1236 2197 praesto
1255 2111 1436 2195 fuisse⁴⁷).

203 2214 314 2279 Immo
344 2235 390 2279 ne
417 2212 565 2299 legitimi
589 2214 731 2299 quidem
755 2214 872 2297 chori,
903 2216 966 2282 sed
990 2215 1094 2282 unius
1117 2214 1271 2282 tibicinis
1294 2237 1436 2300 operam

203 2315 239 2380 in
273 2338 374 2382 usum
404 2338 533 2383 vocare
561 2339 674 2402 aeque
703 2329 810 2403 atque
840 2329 944 2384 antea
975 2317 1114 2384 videtur
1136 2328 1261 2403 poetae
1284 2316 1435 2384 licuisse.

203 2418 362 2484 Chorum
385 2429 512 2498 autem,
537 2418 598 2504 qui
622 2418 690 2485 iam
714 2419 795 2487 inde
812 2423 857 2486 ab
874 2420 974 2487 initio
990 2431 1129 2507 praeter
1145 2420 1436 2487 consuetudinem

202 2519 253 2586 rei
277 2520 396 2606 ipsiuS,
429 2544 521 2606 quae
544 2524 727 2607 agebatur,
751 2534 868 2609 partes
891 2526 1170 2609 susceperat48),
1203 2535 1283 2609 post
1306 2525 1434 2589 Praxa-

201 2645 312 2709 gorae
334 2626 459 2692 verba:

309 2721 520 2812 περιμείνατέ
542 2750 604 2808 νον,
627 2728 681 2792 ἵνα
703 2731 760 2815 τῆς
785 2721 890 2816 ἀρχῆς,
913 2719 950 2816 ἢν
972 2723 1046 2813 ἄρτι
1068 2725 1328 2814 κεχειροτόνημαι

312 2825 543 2912 ξυμβούλοισιν
564 2826 690 2907 πάσαις
712 2827 789 2915 ὑμῖν
809 2829 987 2919 χρήσωμαι.
1033 2830 1102 2896 Καὶ
1124 2830 1185 2916 γὰρ
1208 2829 1276 2896 ἐκεῖ
1298 2856 1354 2915 μοι

312 2928 346 2995 ἐν
367 2932 414 3018 τῷ
437 2926 571 3017 θορύβῳ
595 2931 651 2997 καὶ
673 2936 746 3010 τοῖς
768 2933 888 3009 δεινοῖς
911 2928 1140 3022 ἀνδρειόταται
1161 2933 1335 3019 γεγένησθε

728 3038 798 3117 (vv.
824 3051 886 3119 517
908 3060 995 3123 sqq,
1020 3038 1062 3103 cf.
1088 3036 1182 3101 Pluti
1206 3060 1260 3102 vv.
1284 3037 1347 3117 326
1368 3039 1434 3121 sq.)

201 3159 282 3203 cum
306 3136 384 3216 illis,
408 3136 469 3221 qui
493 3137 528 3201 in
543 3159 672 3204 scaena
689 3140 929 3219 versabantur,
954 3139 1059 3224 plane
1075 3138 1301 3204 coniunctum
1318 3138 1435 3224 egisse

202 3238 409 3306 censuerim.
455 3239 574 3325 Atque
606 3240 667 3326 qui
696 3241 812 3307 statim
836 3253 916 3327 post
939 3240 1088 3307 reditum
1112 3262 1155 3306 ex
1177 3240 1342 3307 contione
1365 3243 1434 3308 fac-

202 3352 276 3407 tum
299 3343 344 3407 ad
368 3363 444 3407 earn
467 3353 602 3428 partem
626 3346 827 3410 orchestrae
844 3346 1140 3427 accesserant⁴⁹),
1164 3365 1255 3428 quae
1270 3366 1434 3411 scaenam

201 3443 408 3531 attingebat,
436 3444 469 3511 ei
492 3461 586 3512 certe
609 3446 763 3514 carmine
787 3447 857 3529 illo,
881 3449 978 3532 quod
1001 3458 1053 3514 est
1076 3446 1158 3513 inde
1181 3469 1202 3511 a
1225 3471 1255 3512 v.
1280 3462 1353 3529 571,
1377 3450 1434 3514 de·

201 3558 342 3614 cantato
376 3547 526 3629 aditum,
566 3548 628 3635 qui
660 3572 702 3616 ex
732 3553 912 3620 orchestra
943 3552 988 3615 ad
1018 3572 1182 3617 scaenam
1211 3551 1363 3631 ferebat,
1402 3562 1436 3617 et

201 3649 330 3717 deinde
368 3672 533 3718 scaenam
572 3651 684 3738 ipsam
720 3664 949 3739 occuparunt.
1016 3653 1124 3737 Quod
1163 3675 1200 3719 re
1238 3676 1322 3720 vera
1358 3657 1436 3720 esse

267 3889 312 3958 44)
331 3887 368 3944 Ol
387 3889 547 3943 scholiastae
565 3890 777 3945 adnotationem:
798 3887 843 3944 ἐπ’
861 3886 915 3944 ἄλλ’
935 3888 1015 3951 εἶδοςι
1043 3893 1092 3952 Εἰς
1110 3888 1188 3958 ἄλλην
1209 3888 1269 3946 ὁδόν
1287 3910 1348 3944 τινα.
1374 3886 1437 3944 ἄλλο

72 3972 84 3980 “
198 3992 223 4026 τι
242 3974 363 4041 ἐναντίον,
382 3975 418 4036 εἰς
436 3974 464 4028 τὰ
486 3977 579 4041 μηκέτι
598 3974 731 4029 σκώπτειν.

268 4059 314 4128 45)
332 4059 370 4116 cf.
387 4060 404 4115 l.
422 4062 439 4114 l.
456 4077 481 4130 p.
501 4061 558 4114 104.

270 4145 314 4214 46)
333 4145 372 4201 cf.
391 4146 485 4201 Annal.
503 4147 594 4216 philol.
613 4147 663 4202 vol.
682 4148 857 4218 supplement
875 4149 925 4214 III,
943 4166 968 4217 p.
986 4148 1043 4202 274.

270 4230 315 4299 47)
333 4230 372 4287 (lt
383 4231 401 4285 l.
413 4231 430 4285 l
442 4248 467 4301 p.
480 4232 538 4286 261.
557 4233 668 4287 Secutus
677 4250 736 4287 eum
749 4237 791 4287 ast
803 4233 1024 4299 Schoenbornius,
1036 4233 1067 4288 of.
1079 4234 1120 4287 De
1133 4249 1229 4288 scaena
1241 4232 1333 4288 Graec.
1343 4250 1367 4301 p.
1380 4232 1437 4288 333.

271 4316 315 4385 48)
335 4316 372 4372 Cf.
390 4318 519 4387 Agthium
536 4317 553 4372 l
571 4319 588 4374 l
604 4335 630 4388 p.
649 4319 705 4385 170,
722 4319 920 4374 Nesamannum
938 4320 965 4373 in
983 4322 1179 4389 programmate
1199 4318 1315 4373 lissensi
1328 4335 1349 4372 a
1364 4317 1436 4383 1868,

201 4419 226 4471 p.
245 4401 269 4467 8,
286 4402 345 4456 adn
363 4403 405 4458 27.

269 4485 313 4558 49)
333 4486 371 4543 Cf.
389 4505 412 4542 v.
430 4489 495 4545 496:
512 4486 566 4544 ἀλλ’
585 4487 626 4544 εἶα
643 4487 713 4559 δεῦρ’
730 4490 772 4545 ἐπὶ
791 4492 867 4553 σκιᾶς
884 4491 997 4546 ἐλθοῦσα
1014 4490 1101 4559 πρὸς
1117 4489 1154 4545 τὸ
1173 4490 1304 4559 torpor
1322 4491 1376 4541 κτλ.
