3242 4867
735 74 950 162 ..46-

217 263 380 351 todicha
422 262 702 353 προφορουμένω,
742 264 824 332 ibid.
855 290 885 331 v.
917 284 974 347 33:
1013 259 1126 351 ἡμεῖς.
1149 314 1157 328 .
1178 312 1216 329 ..
1245 254 1458 348 τιμώμενον,

217 363 329 434 c'oroi
350 363 417 455 μετ’
441 363 559 450 ἀστῶν,
583 362 820 452 ἀνεπτόμεθα
843 361 880 432 οὗ
902 371 1100 452 μισοῦντε
1123 364 1245 451 ἐκείνην
1267 365 1323 453 τὴν
1345 361 1456 431 πόλιν.

219 473 300 539 Plut
315 497 346 539 v.
363 474 429 539 608
446 468 541 556 ὑμεῖς
562 469 861 556 μεταπέμψασθο
872 475 904 533 ν7
915 473 954 554 1).

308 576 380 642 Sed
411 575 540 657 sicui,
571 576 668 662 quod
698 597 719 640 a
745 597 800 640 me
824 585 876 641 est
898 573 1136 660 propositum,
1168 573 1283 639 minus
1307 574 1457 659 placeat,

218 700 281 765 per
313 701 368 745 me
398 678 481 746 licet
512 678 675 745 traditam
705 678 854 745 retineat
881 677 1109 763 scripturam,
1143 699 1223 743 cum
1246 675 1457 746 sententiam
1508 722 1516 732 ι

218 803 350 863 meam,
383 805 454 867 qua
485 793 566 868 post
595 806 627 847 ν.
660 799 702 865 29
733 780 838 866 pauci
869 781 974 847 modo
1006 782 1196 847 Choreutae
1222 780 1267 845 ad
1290 800 1456 846 scaenam

219 896 453 966 accesserunt,
482 884 567 952 satis
590 905 646 950 me
669 883 861 950 munivisse
884 883 1033 949 arbitrer
1055 882 1272 969 argumentis
1296 904 1316 947 e
1339 904 1455 947 rerum

217 988 428 1054 condicione
466 987 622 1073 repetitis
637 989 699 1070 Η).
752 988 855 1071 Quae
891 986 1065 1052 sententia
1096 987 1361 1053 commendatur
1391 985 1454 1049 Pa-

217 1090 326 1156 risino
355 1113 497 1177 quoque
528 1101 562 1156 et
594 1089 799 1155 Monacensi
830 1087 1029 1168 codicibus,
1061 1088 1097 1153 in
1120 1088 1248 1174 quibus
1271 1086 1390 1153 versui
1413 1102 1456 1168 30

218 1203 271 1259 est
293 1193 506 1278 praefixum:
532 1188 608 1279 γονή
630 1215 689 1271 τις,
713 1212 830 1277 neque
853 1201 990 1257 vetatur
1012 1190 1103 1256 libro
1127 1192 1333 1256 Rauennate
1356 1211 1455 1275 cory-

221 1297 374 1381 phaeum
406 1295 465 1361 illa
495 1297 604 1362 verba
635 1295 791 1361 locutum
824 1309 902 1360 esse
932 1293 1128 1359 exhibente.
1174 1293 1265 1359 Nam
1296 1293 1454 1378 profecto

216 1400 438 1484 coryphaeus
461 1410 536 1464 erat
558 1398 617 1463 illa
641 1397 775 1477 mulier,
799 1417 892 1482 quae
915 1395 1045 1462 amicas
1069 1418 1090 1461 a
1111 1397 1337 1480 Praxagorae
1361 1393 1454 1460 aedi·

219 1503 304 1581 bus,
338 1524 409 1586 quo
440 1512 479 1566 ut
509 1501 740 1567 convenirent
767 1510 843 1566 erat
873 1498 1044 1578 edictum,
1078 1500 1123 1564 ad
1155 1498 1355 1565 contionem
1382 1507 1456 1563 erat

221 1604 424 1669 deductura.
472 1606 515 1670 Et
538 1603 622 1690 quia
644 1603 809 1689 prodibat
832 1625 901 1668 non
928 1612 1001 1668 toto
1025 1604 1134 1667 choro
1158 1603 1213 1667 vel
1237 1600 1454 1667 hemichorio

217 1705 418 1787 comitante,
442 1729 515 1773 non
531 1707 663 1792 profert
679 1716 909 1785 tetrametros,
933 1716 971 1770 ut
987 1705 1094 1790 paulo
1111 1703 1201 1770 infra
1217 1727 1271 1769 vv.
1289 1704 1350 1784 285
1366 1725 1454 1788 sqq.,

215 1830 295 1873 cum
328 1808 397 1874 iam
430 1809 621 1894 coryphaei
653 1820 771 1895 partes
806 1819 841 1874 et
872 1807 1081 1893 dignitatem
1112 1805 1269 1892 suscepit
1292 1806 1453 1885 tuendas,

214 1912 278 1976 sed
301 1910 385 1977 satis
402 1913 509 1978 habet
525 1934 622 1977 more
638 1911 848 1978 histrionum
865 1933 929 1996 pro
940 1932 979 1977 se
995 1911 1110 1991 modo,
1127 1932 1199 1975 non
1215 1931 1280 1995 pro
1293 1907 1454 1999 pluribus

216 2014 324 2079 verba
347 2013 549 2081 facientium
572 2013 736 2081 trimetris
760 2013 810 2079 uti
834 2012 1003 2079 iambicis.

304 2119 347 2183 Et
374 2117 405 2183 si
428 2139 471 2183 ex
494 2140 549 2184 me
573 2117 731 2203 quaerIS,
762 2115 925 2202 quisnam
948 2115 1051 2183 simul
1075 2138 1155 2182 cum
1184 2117 1386 2201 coryphaeo
1410 2115 1455 2179 ad

215 2241 381 2286 scaenam
405 2220 614 2306 pervenerit,
638 2219 734 2285 haud
757 2219 842 2299 scio,
866 2241 911 2283 an
936 2218 1067 2285 tibicen
1091 2240 1171 2284 eum
1195 2217 1380 2285 comitatus
1398 2215 1452 2282 sit.

220 2321 298 2401 Cui,
322 2322 390 2388 nisi
412 2323 529 2389 statim
546 2321 676 2409 prodiit
692 2344 762 2387 una
778 2343 860 2388 cum
876 2322 1088 2406 coryphaeo,
1112 2331 1235 2406 postea
1258 2319 1317 2386 vix
1332 2341 1370 2386 se
1393 2321 1453 2386 ob·

216 2423 295 2489 tulit
326 2425 480 2491 adeundi
513 2436 595 2511 apta
627 2423 776 2491 occasio
836 2425 968 2491 Verum
998 2425 1067 2489 hoc
1097 2423 1207 2488 nolim
1231 2421 1348 2489 dicere
1371 2444 1453 2488 con·

219 2526 396 2612 fidentius.
443 2527 581 2594 Etenim
613 2550 692 2594 cum
716 2526 847 2592 Avium
879 2524 1035 2591 carmina
1067 2526 1184 2610 priora
1214 2525 1343 2592 omissa
1368 2524 1454 2590 tibia

216 2638 355 2695 cantata
378 2650 455 2695 esse
479 2629 565 2694 mihi
581 2631 839 2695 demonstrasse
855 2628 977 2694 videar
990 2630 1052 2710 I³),
1075 2628 1152 2694 fieri
1166 2649 1252 2694 sane
1268 2627 1392 2714 potuit,
1416 2637 1454 2692 ut

216 2731 320 2797 etiam
356 2731 391 2795 in
421 2731 674 2798 Ecclesiazusis
705 2731 835 2798 tibicen
868 2742 991 2817 postea
1021 2733 1160 2797 demum
1193 2742 1227 2797 et
1258 2733 1304 2796 ad
1336 2740 1454 2817 partes

217 2845 404 2899 vocaretur
434 2844 469 2899 et
500 2834 616 2900 locum
650 2844 850 2919 occuparet.
897 2836 988 2900 Nam
1021 2836 1065 2899 ad
1091 2856 1233 2901 carmen
1256 2827 1453 2919 ἀγροικικόν,

218 2938 314 3021 quod
338 2948 390 3003 est
413 2935 449 3002 in
472 2937 613 3003 fabulae
636 2949 735 3023 parte
758 2937 876 3023 priore
899 2940 944 3003 ab
968 2937 1177 3004 exeuntibus
1200 2935 1378 3003 choreutis
1395 2937 1453 3001 de·

218 3051 413 3122 cantatum,
451 3043 599 3108 fortasse
637 3063 683 3108 ne
719 3052 823 3127 aptus
855 3040 997 3126 quidem
1028 3051 1102 3107 erat
1131 3050 1256 3107 cantus
1288 3037 1452 3106 tibicinis.

219 3143 345 3229 Neque
375 3144 476 3210 aliter
499 3166 554 3210 res
577 3164 615 3210 se
638 3145 770 3210 habere
793 3142 932 3208 videtur
955 3142 991 3208 in
1014 3142 1179 3222 carmine,
1203 3143 1299 3229 quod
1322 3141 1454 3228 legitur

218 3257 299 3330 post
322 3270 353 3311 v.
377 3263 451 3328 477.

304 3348 376 3414 Sed
392 3349 569 3414 mittamus
585 3350 683 3430 haec,
705 3347 789 3433 quia
804 3359 887 3414 sunt
903 3347 1078 3415 inferioris
1093 3348 1244 3434 generis.
1291 3350 1454 3433 Engerus

219 3448 327 3535 igitur
349 3462 384 3516 et
407 3450 616 3518 Arnoldtius
639 3462 719 3536 post
742 3474 772 3517 V.
790 3468 832 3534 29
854 3452 1001 3516 chorum
1025 3450 1160 3517 faciunt
1181 3451 1299 3517 subito
1324 3450 1452 3517 intran-

217 3563 286 3618 tem
318 3553 353 3618 in
385 3555 610 3620 orchestram.
657 3555 790 3621 Verum
821 3575 928 3637 quam
955 3557 1001 3620 ob
1028 3577 1170 3620 causam
1194 3554 1311 3640 prodit
1334 3565 1368 3620 et
1390 3576 1454 3620 cur

217 3655 335 3743 prodit
365 3655 527 3722 silentio?
572 3659 617 3722 Et
647 3655 733 3742 quid
765 3654 841 3740 agit
871 3655 906 3720 in
936 3658 1116 3723 orchestra
1148 3656 1238 3722 inter
1268 3656 1452 3722 mulierum

217 3758 446 3825 contionandi
479 3759 746 3826 meditationes?
787 3759 866 3824 Cur
890 3760 1093 3845 Praxagora
1124 3761 1243 3845 plures
1274 3769 1454 3844 exspectat

285 4002 330 4067 71)
348 3999 386 4056 cf.
403 3999 535 4054 Kuehuer.
553 3999 570 4055 l
588 3998 603 4053 l
622 3998 672 4053 vol
691 3997 719 4052 11
736 4014 762 4067 p.
779 3997 821 4053 63.

286 4104 329 4171 72)
348 4103 479 4173 Stangero
496 4120 536 4157 vv.
554 4103 588 4157 30
606 4119 644 4172 sq.
670 4104 701 4158 ut
725 4100 902 4172 interpolatos
926 4101 1033 4156 eicienti
1060 4103 1101 4157 vis
1128 4106 1181 4168 est,
1207 4103 1252 4172 qui
1270 4102 1454 4173 adstipuletur.

216 4185 254 4244 cf.
273 4188 378 4244 Butur
395 4189 437 4244 tur
455 4188 503 4244 das
520 4189 607 4259 bayer.
626 4187 809 4259 GymnasIalw.
830 4186 895 4241 VIII
913 4204 937 4258 p.
955 4188 995 4243 52.

286 4294 329 4356 73)
348 4293 386 4348 Of.
413 4295 575 4347 commentat
606 4291 732 4346 Ribbeck.
759 4310 782 4361 p.
802 4292 852 4345 517
870 4307 908 4359 sq.
961 4291 1029 4346 Vide
1047 4288 1081 4346 Ἀ,
1100 4293 1257 4347 Muellerum
1284 4293 1300 4347 l.
1318 4294 1334 4346 l.
1360 4311 1384 4364 p.
1406 4293 1454 4348 136

217 4378 276 4435 tlan.
297 4381 325 4444 13
343 4396 367 4450 p.
386 4378 436 4432 210
454 4378 513 4433 adn.
532 4378 561 4442 2;
579 4394 602 4450 p.
620 4377 677 4430 257.
