3242 4867
666 123 882 196 ..„-

151 302 318 373 mulieres
348 304 596 371 choreutarum
625 301 723 367 nulla
757 300 893 368 ratione
926 299 1067 366 habita?
1130 297 1204 366 Cur
1235 294 1388 384 denique

149 409 302 476 feminae
325 429 401 488 eae,
435 427 526 492 quae
550 405 610 472 diu
634 413 858 490 exspectatae
882 403 918 468 in
941 402 1115 489 pulpitum
1140 411 1388 482 convenerant,

149 511 279 579 vestitu
304 522 338 577 et
360 509 549 595 disciplina
573 508 802 587 instruuntur,
833 507 873 587 si,
908 519 946 572 ut
968 506 1080 571 voluit
1103 504 1311 571 Amoldtius
1325 507 1388 588 ⁷⁴),

151 617 344 682 choreutae
377 623 474 679 veste
503 622 538 677 ct
568 611 704 692 habitu
721 632 793 675 non
825 619 1022 695 permutato
1052 608 1323 694 proficiscuntur
1353 605 1389 671 in

150 717 377 784 contionem?
423 716 495 779 Iam
524 712 623 780 vides
649 715 828 798 Engerum
854 722 889 778 et
912 711 1137 778 Amoldtium
1161 710 1389 776 nullomodo

151 841 190 887 se
214 840 321 906 posse
344 817 513 884 extricare
536 838 579 882 ex
602 814 785 901 angustiis,
813 837 901 901 quas
923 814 992 881 sibi
1015 825 1228 900 paraverunt
1251 834 1386 879 eorum·

152 944 224 1008 que
247 921 457 989 sententiam
480 942 551 986 non
576 940 652 985 esse
675 920 930 1001 ferendam75).

242 1024 345 1108 Quae
383 1045 463 1089 cum
505 1021 553 1087 ita
595 1020 685 1101 sint,
727 1020 811 1086 satis
853 1019 939 1085 mihi
979 1019 1102 1086 videor
1140 1022 1390 1107 comprobasse

150 1130 301 1194 chorum
338 1148 409 1193 non
443 1136 523 1211 post
561 1149 592 1190 v.
622 1142 664 1208 29
697 1122 846 1189 intrasse
877 1122 912 1188 in
944 1125 1176 1204 orchestram,
1217 1125 1281 1190 sed
1312 1133 1392 1209 post

154 1228 350 1315 coryphaei
388 1230 578 1293 adventum
614 1225 783 1312 paulatim
823 1226 859 1289 in
890 1247 1054 1291 scaenam
1084 1226 1310 1306 convenisse,
1354 1236 1392 1291 ut

151 1343 234 1398 ante
268 1333 493 1415 Praxagorae
530 1331 654 1394 verba:
693 1324 848 1412 κάθησθε
886 1324 992 1391 τοίνυν
1022 1327 1089 1393 κτλ.
1121 1328 1165 1410 (v.
1198 1331 1252 1412 57)
1287 1329 1390 1395 etiam

154 1435 237 1500 illae
277 1429 383 1519 ἕτεραι
417 1428 555 1511 πολλαί,
599 1453 687 1517 quas
727 1432 834 1516 paulo
867 1453 973 1516 supra
1005 1431 1049 1512 (v.
1080 1434 1133 1515 52)
1163 1430 1390 1513 indicaverat,

155 1538 318 1603 adessent
348 1556 541 1620 omnesque
575 1534 704 1600 iustum
739 1555 925 1599 numerum
955 1533 1082 1619 viginti
1113 1545 1278 1619 quattuor
1309 1537 1390 1601 cho-

154 1649 332 1705 reutarum
363 1638 613 1719 efficerenttt).
671 1635 904 1702 Advenerunt
934 1635 1042 1722 igitur
1072 1659 1115 1702 ex
1145 1638 1392 1704 choreutarum

153 1762 302 1807 numero
342 1739 476 1825 primae
507 1738 703 1819 Clinarete,
736 1739 911 1819 Sostrate,
945 1739 1169 1820 Philaenete,
1201 1762 1289 1825 quas
1312 1763 1391 1827 pro·

153 1843 308 1931 spiciens
341 1854 422 1927 apte
455 1843 661 1908 adhortatur
684 1844 922 1928 coryphaeus,
953 1854 991 1908 ut
1022 1844 1154 1928 gradus
1185 1844 1392 1910 accelerent.

154 1948 247 2013 Nam
278 1969 333 2011 vv.
370 1962 413 2026 43
445 1950 521 2030 sqq}
563 1968 626 2011 cur
664 1944 774 2011 invito
814 1944 904 2011 libro
945 1947 1150 2011 Ravennatc
1192 1969 1272 2012 cum
1307 1947 1392 2012 Din-

155 2049 349 2130 dorfi077),
391 2046 651 2130 Meinekio²⁸),
692 2047 949 2132 Stangerow),
985 2047 1255 2130 Arnoldtiott),
1289 2050 1392 2135 Blay·

157 2151 322 2228 desio⁸¹)
350 2172 371 2216 a
402 2151 604 2236 coryphaeo
630 2149 889 2231 abiudiccmuS,
921 2172 1027 2217 causa
1054 2162 1107 2217 est
1130 2153 1236 2217 nulla.
1283 2153 1392 2218 Immo

156 2276 235 2319 cum
261 2252 342 2319 illae
364 2252 559 2318 sententiae
583 2252 653 2318 sint
674 2274 814 2338 semper
833 2255 1113 2339 anteponendae,
1136 2277 1228 2340 quae
1243 2255 1393 2321 maxime

157 2366 362 2441 congruunt
384 2378 464 2422 cum
488 2355 650 2422 codicum
674 2354 859 2436 memoria,
892 2379 955 2442 pro
979 2379 1034 2422 me
1057 2379 1142 2424 sane
1165 2357 1265 2439 facit,
1295 2359 1391 2444 quod

156 2461 225 2525 hoc
248 2459 327 2525 loco
351 2458 436 2523 mihi
459 2481 530 2524 non
562 2469 614 2524 est
645 2481 735 2544 opus
767 2459 969 2526 mutatione.
1032 2458 1170 2526 Deinde
1204 2473 1391 2547 postquam

155 2571 339 2647 praeterea
361 2571 586 2627 accesserunt
609 2561 732 2647 Glyce,
757 2602 797 2609 -
821 2584 902 2627 nam
925 2585 1002 2628 earn
1026 2562 1181 2629 adfuisse
1205 2563 1317 2650 ipsam
1333 2563 1391 2630 vix

157 2675 210 2730 est
240 2665 337 2749 quod
359 2685 530 2749 negemus
555 2703 594 2711 —
619 2664 850 2745 Geusistrate,
875 2664 1092 2732 Philodorcti
1112 2676 1147 2731 et
1163 2666 1392 2733 Chaeretadis

159 2788 288 2833 uxores
320 2777 354 2832 et
390 2767 538 2832 »multae
569 2768 759 2833 admodum
793 2768 901 2835 aliae«
934 2768 1182 2850 mulieres⁸²)‚
1219 2769 1287 2835 iam
1319 2780 1392 2835 toto

158 2872 269 2936 choro
292 2880 477 2955 praesente
502 2871 547 2935 ad
570 2869 745 2937 contionis
768 2871 1030 2939 meditationem
1050 2871 1249 2958 accingitur
1265 2875 1394 2938 Praxa-

160 2993 249 3058 gora
272 2997 303 3038 v.
329 2986 379 3054 57.

248 3074 440 3142 Reicienda
464 3073 572 3160 igitur
595 3084 647 3140 est
671 3074 817 3159 Bergkii
840 3074 1080 3160 aliorumque,
1108 3076 1170 3161 qui
1193 3078 1290 3141 illum
1313 3088 1395 3143 sunt

160 3177 282 3258 secuti,
306 3176 479 3244 sententia
502 3176 682 3242 dimidiam
706 3186 841 3242 tantum
864 3177 964 3242 chori
985 3188 1129 3263 partem,
1154 3180 1306 3245 urbanas
1322 3201 1395 3244 mu·

161 3280 275 3362 lieres,
308 3291 388 3367 post
418 3304 450 3346 v.
474 3298 516 3364 29
549 3278 708 3365 prodisse
741 3289 775 3345 ct
806 3279 955 3346 rusticas
978 3280 1169 3347 accessisse
1192 3292 1315 3367 postea
1331 3286 1393 3367 83).

161 3384 264 3468 Quae
288 3383 492 3449 coniectura
514 3382 612 3449 nullo
635 3382 740 3468 plane
764 3394 974 3468 argumento
999 3382 1159 3450 innititur
1181 3406 1297 3471 neque
1313 3408 1394 3452 con-

228 3587 272 3655 74)
292 3586 330 3642 cf.
347 3585 364 3641 1.
381 3586 398 3641 I
416 3604 440 3656 p.
460 3588 517 3642 100.

227 3673 270 3736 75)
288 3672 364 3737 Vide,
382 3689 449 3742 quae
466 3673 521 3726 iam
538 3673 664 3742 opposuit
680 3672 788 3728 IIuffius
805 3673 823 3728 I.
841 3675 858 3727 I.
875 3692 900 3743 p.
920 3675 969 3728 170
987 3691 1042 3744 sqq.

227 3759 271 3827 76)
290 3757 328 3813 Cf.
347 3757 475 3828 Agthium
492 3758 509 3812 l.
526 3758 541 3812 1.
560 3776 585 3828 p.
605 3758 653 3812 172
671 3775 710 3828 sq.

229 3844 273 3912 77)
293 3842 331 3898 ot.
351 3842 413 3897 edit
431 3841 544 3897 fabulae.

228 3927 271 3997 78)
288 3928 327 3985 CI
345 3927 463 3982 adnotet
481 3928 562 3983 critic.
580 3946 606 3999 p.
622 3927 710 3983 XXVI
726 3927 754 3982 in
772 3928 825 3984 fab.
843 3929 905 3984 edit

228 4014 272 4079 79)
290 4013 328 4070 ot
346 4014 363 4068 l.
380 4013 397 4067 I
415 4012 482 4068 VIII
498 4032 523 4084 p.
540 4015 581 4068 55.

228 4099 272 4168 80)
291 4099 329 4156 ot
346 4100 363 4154 l.
380 4100 397 4154 l.
414 4117 439 4170 p.
459 4099 515 4154 100.

230 4185 274 4254 81)
294 4184 332 4240 ot
351 4185 459 4240 edition
476 4184 529 4240 fab.

230 4270 471 4340 annominaret
496 4271 579 4341 igitur
606 4275 708 4341 septem
726 4273 877 4337 cherentea
902 4273 997 4341 quibus
1016 4278 1124 4330 octavus
1151 4275 1304 4345 adIuogitur
1322 4294 1396 4347 cory-

157 4357 267 4427 phaeus.
302 4357 372 4411 Nam
390 4356 559 4412 Melistichen
578 4356 714 4412 histrionis
732 4362 823 4427 partes
842 4358 990 4429 suscepisse
1009 4364 1088 4415 autea
1107 4362 1281 4430 exposuimus.

230 4442 275 4514 83)
294 4441 333 4498 of.
353 4441 460 4497 edition.
478 4441 591 4515 praefat.
608 4441 658 4497 vol.
677 4442 705 4496 II
723 4461 748 4515 p.
763 4442 821 4499 XX.
