3242 4867
696 126 909 197 ..33..

184 306 353 393 ambiguo
377 317 421 387 et,
453 316 492 371 ut
514 303 562 371 ita
585 303 709 384 dicam,
743 301 948 370 comoediae
970 304 1164 370 cothurnus
1186 300 1313 370 mixtus
1337 324 1417 370 cum

182 432 298 478 socco.
344 409 452 493 Quod
476 408 604 494 quibus
628 408 672 473 de
695 406 811 474 causis
834 428 855 471 a
878 415 983 491 poeta
1004 405 1050 472 sit
1072 404 1278 488 institutum,
1301 429 1344 474 ex
1367 408 1417 475 eis

183 513 266 579 licet
297 511 477 592 divinare,
512 532 604 596 quae
635 532 743 596 supra
775 519 858 576 sunt
889 510 1096 575 adumbrata
1125 520 1160 576 et
1190 511 1297 597 paulo
1329 512 1419 579 infra

181 615 310 682 clarius
342 612 584 700 perspicietur.
631 612 701 678 Hic
724 611 809 679 satis
833 621 886 677 est
903 610 1052 678 evicisse
1067 634 1139 677 non
1157 613 1251 678 Pluti
1268 615 1418 695 demum,

184 729 222 784 ut
253 717 363 803 vulgo
390 715 570 796 statuitur,
602 715 666 782 sed
691 713 760 779 iam
783 712 1106 781 Ecclesiazusarum
1128 715 1284 781 fabulam
1307 716 1419 803 prima

184 820 372 887 ostendere
395 817 634 885 inclinationis
656 815 809 902 vestigia
832 837 948 902 neque
971 838 1013 881 ea
1035 815 1159 883 leviter
1175 817 1345 904 impressa
1359 821 1419 902 ¹⁹).

186 923 278 989 Sunt
301 921 404 1003 enim,
428 920 493 988 etsi
516 943 537 986 a
559 942 597 986 re
620 918 763 1007 publica
779 918 1016 1006 proficiscitur
1031 920 1224 1002 comoedia,
1247 923 1420 1008 permulta

186 1024 351 1106 admixta,
376 1024 412 1090 in
435 1045 527 1110 quae
550 1034 677 1110 poetae
700 1021 809 1109 ipsius
834 1023 965 1088 cadunt
987 1024 1095 1088 verba
1118 1024 1224 1089 haec:

343 1123 394 1193 κεί
415 1127 476 1213 γὰρ
499 1119 554 1190 δι’
578 1121 702 1206 ὄχλου
723 1118 816 1190 τοῦτ’
841 1122 913 1189 ἐστὶ
935 1127 1007 1202 τοῖς
1028 1124 1218 1208 θεωμένοις,

341 1223 432 1314 ὅμως
453 1227 517 1310 ἔχει
540 1224 679 1314 τερπνόν
700 1254 732 1294 τι
754 1226 811 1293 καὶ
832 1223 1027 1313 κωμῳδικόν
1049 1252 1104 1294 νν.
1128 1231 1191 1294 888
1213 1252 1265 1316 sq.

792 1520 822 1568 2.

507 1674 560 1741 Ite
582 1672 726 1742 subulco
748 1675 914 1760 portibus
936 1674 1104 1743 ohorlois.

281 1812 458 1877 Cohaeret
490 1812 579 1877 haec
613 1809 751 1896 questio
782 1810 955 1879 artissime
985 1811 1172 1894 cumillis,
1204 1835 1296 1899 quae
1319 1817 1424 1881 modo

192 1926 275 1982 sunt
296 1914 464 2000 exposita.
510 1913 582 1979 Sed
606 1911 774 1998 quoniam
796 1924 952 1980 nostram
975 1913 1066 1981 inter
1089 1926 1123 1982 et
1138 1914 1273 2001 priores
1288 1938 1426 1983 comoe-

190 2017 268 2083 dias
292 2028 462 2102 quantum
485 2015 679 2082 intercedat
702 2014 923 2096 discriminis,
947 2038 1011 2102 per
1032 2038 1070 2082 se
1092 2016 1176 2084 satis
1200 2018 1426 2105 intellegitur,

191 2119 324 2187 fusiore
363 2118 454 2185 inter
492 2120 580 2185 haec
608 2128 643 2184 et
674 2116 813 2183 illarum
844 2117 999 2185 carmina
1029 2120 1291 2206 comparatione
1323 2121 1427 2187 facile

192 2221 401 2289 carebimus

280 2324 335 2390 Ac
358 2322 510 2410 primum
532 2321 685 2408 quidem,
709 2333 747 2389 ut
770 2324 965 2410 praefracte
988 2323 1113 2405 dicam,
1136 2346 1208 2390 non
1232 2325 1300 2391 iam
1323 2326 1429 2393 comi·

195 2449 334 2507 corum,
365 2427 428 2493 sed
459 2424 675 2510 tragicorum
706 2447 803 2491 more
826 2426 1020 2513 composita
1043 2437 1096 2493 est
1118 2428 1310 2494 comoedia.
1357 2430 1429 2495 Iam

195 2530 288 2596 enim
312 2528 430 2595 omnia
452 2527 607 2595 carmina
630 2528 686 2594 vel
710 2529 806 2614 quod
822 2550 944 2594 eorum
960 2529 1039 2596 loco
1055 2540 1107 2595 est
1122 2530 1358 2612 substitutum,
1383 2531 1429 2598 ita

197 2643 279 2699 sunt
301 2632 494 2713 interiecta,
527 2642 565 2697 ut
588 2652 701 2717 aeque
723 2653 765 2698 ac
788 2632 827 2697 fit
849 2632 885 2697 in
908 2632 1111 2719 tragoediis,
1138 2634 1255 2700 locum
1277 2635 1431 2701 habeant

197 2734 233 2800 in
256 2735 326 2801 fine
349 2732 589 2820 episodiorum
612 2755 724 2820 eaque
748 2734 838 2801 inter
860 2757 899 2803 se
922 2747 1109 2802 conectant
1127 2736 1311 2823 explendis
1327 2736 1431 2804 inter·

197 2837 308 2904 vallis.
355 2836 484 2903 Nullae
511 2835 620 2923 igitur
642 2839 889 2904 choreutarum
912 2849 1048 2925 parteS,
1079 2861 1171 2924 quae
1194 2839 1337 2926 quidem
1359 2862 1431 2906 non

196 2951 358 3028 spectent
386 2940 431 3005 ad
452 2940 600 3006 fabulae
622 2939 797 3006 actionem
821 2943 1096 3027 promovendam
1119 2954 1157 3007 ut
1179 2966 1234 3007 vv.
1259 2959 1322 3025 514
1344 2966 1432 3028 sqq,

197 3066 253 3109 vv.
278 3058 337 3125 571
362 3066 449 3129 sqq,
473 3042 510 3108 in
532 3041 618 3129 ipsis
641 3041 810 3128 episodiis
833 3054 916 3109 sunt
938 3044 1074 3129 positae
1096 3065 1162 3109 nec
1185 3046 1325 3110 duobus
1346 3056 1433 3110 stro·

198 3147 348 3233 pharum
391 3143 545 3210 dimidiis
582 3142 769 3210 seiunctim
802 3144 984 3210 collocatis
1013 3144 1184 3210 sermonis
1215 3144 1434 3231 actionisque

197 3247 457 3334 interrumpunt
488 3248 762 3328 contextum20).
809 3246 1034 3332 Quamquam
1066 3267 1190 3332 pauca,
1220 3249 1283 3313 sed
1314 3259 1431 3313 tamen

197 3360 294 3417 certa
315 3351 486 3417 habemus
509 3348 702 3418 carminum
725 3348 903 3436 exempla,
933 3347 1062 3434 quibus
1084 3347 1258 3414 sententia
1280 3370 1357 3415 mea
1381 3348 1431 3415 in·

199 3452 338 3519 nitatur.
386 3454 512 3538 Neque
527 3451 621 3520 enim
637 3450 791 3517 carmina
807 3452 879 3518 duo
895 3450 1013 3538 priora
1028 3451 1077 3518 ita
1091 3463 1240 3539 possunt
1255 3452 1436 3539 coniungi,

201 3566 240 3621 ut
262 3554 374 3621 voluit
395 3554 608 3622 Zielinskius
622 3558 683 3637 21).
730 3555 822 3620 Nam
844 3577 917 3621 non
940 3554 1094 3621 efficiunt
1116 3557 1289 3642 parodum
1312 3557 1436 3622 eodem

202 3658 308 3724 modo
331 3668 370 3723 ut
392 3658 429 3723 in
451 3656 742 3724 Achamensibus
765 3656 1009 3745 interruptum,
1032 3658 1095 3725 sed
1117 3657 1284 3744 quoniam
1308 3660 1438 3724 chorus

202 3770 283 3847 post
306 3760 499 3827 discessum
522 3759 782 3843 revertiturss),
806 3782 879 3826 non
894 3771 1010 3848 potest
1025 3759 1188 3842 dubitari,
1211 3760 1298 3846 quin
1313 3781 1437 3827 secun·

277 3999 321 4069 19)
339 3998 415 4065 Vide,
433 4016 501 4070 quae
518 4002 591 4055 recta
608 3999 731 4070 exposuit
748 4000 901 4071 Droymnus
918 3999 1092 4055 inversionis
1108 3999 1215 4055 tabulae
1232 3999 1406 4071 praefatione.

273 4085 319 4155 20)
337 4083 376 4141 Cf.
393 4084 515 4140 Zielinrk.
532 4085 550 4140 L
567 4085 584 4141 l.
602 4103 626 4156 p.
644 4087 667 4141 5.

274 4172 320 4240 21)
338 4169 376 4227 ot
394 4171 411 4226 L
428 4171 445 4226 t
462 4190 488 4242 p.
508 4172 564 4227 157.

271 4257 316 4325 28)
335 4255 414 4323 Quod
437 4258 466 4312 in
483 4256 698 4313 Acharneusibus
725 4271 831 4327 quoque
856 4256 965 4311 chorum
992 4273 1023 4311 ex
1045 4257 1181 4312 orchestra
1198 4256 1339 4311 recessisse
1357 4259 1442 4310 sutu-

201 4346 225 4399 it
243 4343 403 4398 Zielinskius
420 4344 437 4399 t
455 4344 472 4399 t
488 4361 513 4415 p.
531 4344 588 4409 157,
610 4359 636 4414 p.
656 4342 713 4410 128,
730 4361 755 4415 p.
773 4342 832 4409 238,
850 4359 911 4398 cum
928 4343 1126 4414 Dicaeopolidis
1143 4342 1210 4397 illud
1228 4339 1381 4410 εὐφημεῖτε,
1401 4339 1442 4394 eu'-

202 4436 315 4499 φημεῑτε
334 4446 358 4484 v.
375 4428 426 4484 237
444 4428 602 4496 emudirset,
621 4429 679 4484 sino
696 4430 767 4485 iusta
784 4445 865 4484 caum
882 4428 983 4484 tactum
1001 4435 1049 4484 ast
