3242 4867
694 126 909 218 ..35..

194 321 330 391 Rittero
343 324 406 406 ⁹⁸),
423 320 550 390 Beerio
564 325 625 407 ¹⁹),
650 322 847 390 Ribbeckio
860 324 922 406 ³⁰),
939 322 1076 410 Agthio
1088 326 1151 406 ⁸¹),
1167 322 1349 392 Boeckhio
1363 326 1426 407 3’),

189 425 383 494 Zielinskio
396 427 448 508 Η)
478 424 675 514 cogitemus
699 427 743 492 de
774 425 966 493 interiectis
997 426 1221 508 carminibus,
1255 449 1346 514 quae
1369 427 1426 493 vel

189 530 332 596 aliunde
355 540 455 596 erant
478 529 636 616 repetita,
660 530 715 595 vel
739 530 784 595 ad
807 531 900 597 hanc
915 531 1071 596 fabulam
1087 531 1266 597 elaborata
1282 553 1303 596 a
1320 541 1426 617 poeta

189 655 261 699 non
290 643 373 699 sunt
402 634 495 698 facta
526 631 612 699 iuris
645 631 788 718 publici.
835 633 1017 700 Habemus
1049 633 1142 699 enim
1167 633 1202 699 in
1225 644 1345 700 nostra
1368 655 1426 699 co·

189 736 327 803 moedia
349 734 418 801 alia
441 735 607 817 carmina,
631 757 722 821 quae
744 734 822 802 sine
845 735 916 801 ulla
939 735 1158 803 dubitatione
1173 747 1256 804 sunt
1272 738 1316 802 ad
1332 739 1425 802 hanc

188 838 300 926 ipsam
323 840 480 905 fabulam
503 861 524 903 a
548 849 651 925 poeta
675 837 828 919 inventa,
858 840 1030 906 habemus
1053 849 1235 925 praeterea
1258 838 1295 904 in
1319 839 1425 905 Pluto

188 942 364 1009 canticum
397 941 484 1007 illud
514 940 596 1007 inde
625 964 699 1007 av.
723 958 797 1025 290.
844 942 963 1027 Atque
986 943 1054 1008 hoc
1077 962 1121 1007 ex
1142 941 1353 1009 scholiastae
1376 952 1424 1008 te-

188 1044 352 1112 stimonio
384 1045 440 1125 (cf.
472 1045 517 1110 ad
547 1068 578 1109 v.
603 1046 682 1128 290)
712 1066 853 1110 carmen
884 1046 1062 1131 quoddam
1087 1044 1274 1111 Philoxeni
1298 1056 1425 1131 poetae

189 1146 327 1215 irrisum
358 1159 427 1228 est,
460 1149 683 1233 eundemque
715 1157 859 1233 propter
892 1147 988 1213 aliud
1019 1170 1161 1216 carmen
1192 1146 1356 1214 melicum
1388 1147 1425 1212 in

187 1251 258 1317 fine
274 1249 598 1317 Ecclesiazusarum
621 1271 698 1317 esse
722 1249 868 1336 petitum
892 1272 977 1317 sane
1000 1250 1194 1338 probabilis
1210 1261 1262 1318 est
1278 1249 1426 1337 Bergkii

188 1352 464 1435 coniectura³⁴).
511 1355 609 1420 Haec
634 1352 742 1438 igitur
765 1353 922 1420 carmina
944 1356 989 1419 ad
1011 1354 1119 1435 locos
1143 1377 1232 1440 quos
1255 1353 1425 1434 obtinent,

132 1498 137 1507 ·
189 1455 384 1542 composita
406 1466 488 1522 sunt
511 1467 545 1522 et
567 1455 671 1522 edita.
718 1455 792 1521 Cur
815 1454 893 1536 alia,
917 1455 1047 1541 quibus
1070 1479 1160 1542 opus
1177 1468 1262 1538 erat,
1286 1467 1426 1542 poetam

189 1558 410 1626 censebimus
433 1560 595 1626 confecta
616 1580 689 1624 non
712 1557 865 1625 edidisse
888 1558 944 1625 vel
967 1558 1111 1626 aliunde
1126 1581 1203 1626 esse
1219 1570 1425 1640 mutuatum,

189 1672 227 1727 ut
250 1662 485 1728 concedamus
509 1659 665 1747 potuisse
689 1672 769 1746 apte
793 1660 878 1741 fieri,
903 1672 941 1727 ut
956 1663 1259 1745 mutuaretur⁸⁵)?
1294 1664 1338 1727 Et
1352 1683 1425 1727 non

189 1764 327 1832 stetisse
357 1786 420 1850 per
451 1775 591 1849 poetam
620 1764 684 1830 sed
714 1785 778 1849 per
801 1764 966 1845 chorum,
998 1764 1187 1849 quominus
1211 1763 1426 1831 carminibus

188 1889 253 1934 nos
276 1868 393 1934 adhuc
416 1868 641 1947 delectemur,
672 1888 715 1932 ex
738 1865 799 1947 eis,
831 1888 922 1952 quae
946 1866 1015 1933 iam
1037 1878 1120 1933 sunt
1143 1866 1313 1953 exposita,
1339 1865 1425 1933 satis

188 1981 274 2056 puto
298 1969 520 2036 manifestum
543 1991 629 2036 esse.
677 1970 797 2050 Imm0,
821 1968 850 2036 si
873 1969 1043 2036 voluisset
1065 1981 1170 2055 poeta
1193 1973 1338 2037 chorum
1356 1968 1427 2034 illis

188 2072 275 2139 locis
299 2071 513 2139 carminibus
536 2071 596 2153 uti,
626 2073 784 2158 profecto
807 2094 879 2138 non
901 2084 992 2139 esset
1014 2072 1213 2159 impeditus
1236 2071 1427 2159 quominus

189 2178 235 2241 ad
267 2197 365 2262 spem
388 2174 557 2242 victoriae
580 2175 782 2261 augendam
805 2186 1026 2261 expromeret
1049 2197 1151 2257 nova,
1175 2197 1267 2261 quae
1283 2197 1326 2241 ex
1342 2196 1424 2241 con-

188 2278 376 2345 suetudine
399 2276 532 2364 publici
555 2276 640 2343 iuris
663 2279 803 2344 faceret.

277 2381 404 2467 Neque
427 2391 538 2447 metus
562 2391 624 2461 est,
651 2402 696 2447 ne
720 2403 741 2446 a
763 2379 915 2448 librariis
938 2403 980 2449 ea
1003 2381 1073 2448 sint
1095 2379 1234 2461 omissa,
1258 2379 1426 2466 quoniam

189 2494 305 2551 cetera
344 2483 625 2570 perscripserunt
658 2495 693 2549 et
725 2505 770 2550 ne
801 2483 1024 2551 meretricum
1053 2483 1197 2570 quidem
1228 2482 1423 2549 cantilenas

189 2587 257 2668 (vv.
282 2588 343 2670 893
364 2589 455 2673 sqq.)
478 2598 561 2653 sunt
583 2585 730 2671 gravati.
778 2587 966 2652 Praeterea
988 2608 1163 2672 nusquam
1187 2588 1231 2652 ab
1255 2585 1324 2651 illis
1347 2585 1423 2650 uni·

187 2711 289 2756 versa
326 2689 481 2756 carmina
517 2699 600 2755 sunt
634 2689 767 2769 deleta,
809 2712 889 2755 cum
920 2689 1016 2775 quod
1047 2687 1083 2754 in
1115 2687 1273 2754 Nubium
1304 2687 1426 2753 fabula

188 2802 267 2877 post
290 2816 321 2857 v.
345 2793 407 2857 888
431 2791 661 2872 desideratur,
684 2813 704 2856 a
728 2802 833 2876 poeta
849 2790 993 2858 omnino
1009 2814 1081 2858 non
1097 2813 1174 2859 esse
1190 2789 1424 2876 compositum

188 2905 333 2980 propter
354 2894 495 2960 fabulae
518 2892 763 2961 condicionem
787 2895 898 2960 multo
920 2892 966 2961 sit
988 2894 1062 2960 veri
1084 2893 1233 2961 similius
1246 2895 1307 2976 86).

273 2998 317 3063 Et
347 2997 484 3064 accedit
516 2996 585 3063 alia
615 3018 758 3082 quoque
789 3018 906 3063 causa.
952 2998 1131 3063 Ranarum
1163 2996 1256 3063 enim
1287 3006 1423 3082 partem

187 3099 340 3186 priorem
370 3101 623 3187 perlustrantes
654 3098 882 3185 carminaque
905 3110 1149 3186 comparantes
1172 3122 1252 3166 cum
1276 3098 1425 3164 aliarum

187 3203 385 3269 fabularum
414 3225 487 3269 non
519 3212 633 3288 potest
664 3202 789 3287 fugere
821 3223 881 3282 ea,
914 3222 1006 3287 quae
1029 3201 1077 3267 ibi
1101 3200 1343 3281 inveniuntur,
1378 3200 1425 3266 ad

255 3441 299 3509 28)
317 3439 355 3496 ot
373 3438 506 3495 Dindorfii
522 3438 657 3510 Anatoph.
675 3440 793 3496 comoed
810 3440 919 3496 edition
939 3440 1077 3497 Oxonieua
1095 3440 1145 3495 rol
1163 3439 1211 3505 ΙΙΙ,
1228 3457 1253 3509 p.
1272 3439 1305 3495 23
1324 3455 1382 3510 sqq.

254 3612 299 3680 30)
318 3610 356 3666 (li
376 3611 409 3665 de
427 3610 565 3666 comoedia
582 3611 669 3667 media
687 3616 715 3666 et
733 3612 881 3668 recentiore
898 3629 924 3682 p.
941 3611 958 3667 8
976 3628 1014 3680 eq.

254 3699 297 3766 31)
317 3696 354 3753 ct
372 3696 389 3750 l
407 3696 424 3751 l
442 3714 466 3766 p.
485 3697 541 3764 175,
566 3715 590 3767 p.
610 3697 667 3753 178.
930 3705 933 3711 “

253 3784 300 3853 32)
318 3782 356 3839 ot
375 3783 392 3837 l
409 3782 427 3837 l
444 3799 469 3851 p.
486 3782 544 3838 tte.

255 3870 299 3940 33)
317 3868 356 3926 ot
374 3869 391 3922 l
408 3868 425 3922 l.
443 3886 468 3938 p.
485 3869 549 3933 212;
568 3887 592 3940 p.
611 3869 668 3936 273,
687 3869 718 3925 ci
736 3887 761 3941 p.
781 3869 837 3925 158.

253 3958 297 4025 34)
316 3954 355 4011 Oi
373 3954 518 4011 Commeat
537 3955 570 4009 de
587 3956 644 4010 rell.
663 3955 781 4011 comoed
799 3955 881 4010 Attio.
900 3954 1000 4025 antiqu.
1018 3972 1041 4024 p.
1054 3954 1113 4009 212.
1354 4024 1359 4029 .

250 4042 294 4110 35)
317 4040 391 4107 Quae
418 4041 534 4096 carmina
557 4058 616 4097 cum
644 4041 749 4097 fabulae
774 4042 866 4112 mytho
890 4059 942 4097 uon
965 4040 1136 4095 cohaerentia
1160 4039 1285 4109 Agathou
1312 4042 1422 4095 auctore

183 4127 329 4182 Aristotele
354 4126 397 4196 (ci
416 4127 450 4182 de
468 4131 525 4183 arte
544 4131 614 4198 poet
629 4146 654 4198 p.
675 4127 741 4184 1456
749 4131 775 4197 a)
792 4128 967 4197 interposuit,
996 4143 1028 4182 ea
1053 4126 1134 4181 fciam
1151 4142 1220 4181 nova
1238 4142 1324 4196 neque
1343 4129 1424 4182 autea

182 4213 236 4266 iam
253 4212 345 4268 audita
363 4230 416 4268 non
434 4213 512 4269 facile
530 4214 669 4284 quiequam
687 4214 805 4284 negabit

251 4299 294 4365 36)
313 4298 352 4354 (lt.
378 4299 454 4354 Beer.
478 4300 495 4355 l
518 4300 534 4355 l
559 4317 585 4370 p.
611 4300 675 4366 123,
701 4302 747 4370 qui
772 4303 815 4354 cat
840 4302 946 4355 secutus
965 4299 1031 4354 (lod.
1050 4299 1232 4354 Hermauuum
1249 4297 1284 4353 ad
1302 4298 1422 4353 Nubium

182 4383 273 4524 {118888
291 4384 353 4440 edit
371 4386 405 4438 H.
442 4384 702 4455 Lipsiene.a1880.
738 4386 807 4441 Vide
834 4391 974 4457 praeterea
991 4385 1205 4442 Nesemannum:
1233 4386 1274 4439 De
1292 4384 1422 4455 epieodiia
1451 4410 1453 4413 ·

222 4470 317 4543 'toph
335 4488 360 4542 p.
378 4473 402 4525 5.
815 4475 818 4479 ’
