3242 4867
761 64 976 153 ..48-

252 253 410 327 firmatur
441 257 620 327 Amoldtii
654 257 943 346 interpretatione
971 261 1178 339 verborum,
1219 278 1311 345 quae
1340 267 1423 325 sunt
1455 253 1493 321 in

252 388 306 430 vv.
331 379 369 446 51
394 363 547 450 sqq.⁸⁴).
592 364 683 429 Nam
707 363 804 448 quod
827 362 996 450 legimus:
1029 355 1048 426 ἵ
1069 386 1100 425 τι
1124 359 1188 447 πέρ
1211 354 1282 425 ἐστ)
1306 354 1427 446 ὄφελος
1451 357 1494 423 ἐν
1577 376 1581 416 ε

255 469 301 552 τῇ
324 462 465 544 πόλει,
497 487 566 531 vox
596 460 695 541 πόλις
723 487 796 530 non
820 465 864 531 de
887 466 992 545 urbe,
1022 465 1086 531 sed
1111 465 1155 530 de
1178 463 1320 530 civitate
1343 462 1494 529 Atheni·
1577 459 1580 519 ἰ

254 569 390 635 ensium
413 580 452 635 ut
474 567 604 654 passim
628 567 869 654 intellegenda
892 578 954 648 est,
978 568 1020 632 cf.
1044 591 1099 633 vv.
1128 581 1197 650 175,
1220 583 1295 647 210,
1319 582 1392 651 397,
1415 579 1495 647 455,
1577 583 1581 623 =1

253 672 338 754 456:
362 669 396 735 ἐν
418 674 457 757 τῇ
479 666 577 734 πόλει
600 681 664 737 etc.
711 671 821 735 Immo
851 681 945 736 totus
977 672 1107 736 chorus
1121 669 1199 735 iam
1223 668 1398 737 contionis
1422 689 1495 733 me·

255 773 417 840 ditationi
440 773 553 839 adfuit
576 773 611 838 in
635 772 847 859 pulpito⁸⁵).
894 772 1023 858 Atque,
1047 794 1139 857 quae
1156 782 1380 839 accesserant
1394 769 1496 836 femi·
1579 799 1581 822 ι

253 899 330 958 nae,
354 877 523 943 adunam
544 897 666 943 omnes
689 897 733 941 ex
754 878 842 941 urbe
863 875 1073 942 convenisse
1096 874 1261 961 equidem
1284 896 1497 962 persuasum

252 981 377 1046 habeo.
433 978 540 1062 Quod
577 989 694 1044 autem
727 977 930 1063 agrestium,
961 999 1034 1044 non
1063 978 1279 1044 urbanorum
1309 975 1496 1043 hominum

253 1082 408 1168 speciem
425 1080 625 1162 induerunt,
650 1081 729 1148 ideo
746 1082 955 1161 estfactum,
978 1080 1063 1166 quia
1086 1080 1183 1167 ipsae
1199 1090 1299 1146 erant
1313 1101 1356 1146 ex
1374 1078 1497 1144 infima

253 1185 357 1271 plebe
388 1186 434 1250 ad
464 1183 701 1270 agricolarum
732 1206 847 1250 mores
870 1194 905 1250 et
927 1183 1092 1250 vestitum
1115 1182 1273 1268 proxime
1296 1181 1496 1249 accedenti.

255 1289 300 1353 Et
336 1299 518 1373 praeterea
551 1287 601 1354 eis
634 1290 723 1354 haec
754 1308 898 1374 quoque
930 1286 1123 1372 agrestium
1156 1286 1378 1352 consuetudo
1419 1295 1498 1352 erat

255 1389 437 1471 imitanda,
466 1400 521 1471 ut,
550 1411 622 1475 quo
644 1389 781 1456 facilius
804 1389 971 1470 laterent,
1003 1399 1161 1474 tempore
1184 1409 1298 1474 aeque
1320 1386 1495 1453 matutino

254 1492 577 1579 proficiscerentur,
606 1515 677 1578 quo
708 1514 811 1559 senes
843 1491 964 1559 rustici
987 1500 1201 1559 consuerant
1223 1492 1268 1556 ad
1291 1490 1497 1558 contionem

259 1597 477 1680 tendere⁸⁶).

344 1697 530 1765 Contionis
568 1696 796 1764 meditatione
827 1708 1028 1785 perpetrata
1058 1708 1093 1764 et
1119 1707 1216 1764 veste
1247 1694 1342 1762 virili
1372 1695 1494 1761 induta

256 1803 446 1867 choreutae
478 1800 644 1867 iubentur
674 1800 742 1866 iam
773 1800 949 1887 proficisci
979 1801 1024 1866 ad
1054 1799 1255 1867 contionem
1279 1798 1393 1886 ipsam
1416 1819 1496 1865 can·

259 1914 373 1970 tantes
396 1925 538 1970 carmen
560 1902 671 1970 senile
698 1914 732 1969 et
755 1902 931 1970 imitantes
954 1904 1097 1968 modum
1120 1901 1287 1969 cantandi
1302 1900 1498 1987 agrestium

260 2007 329 2089 (vv.
361 2022 423 2088 277
454 2009 555 2093 sqq.).
617 2006 792 2073 Nimirum
831 2005 915 2092 quia
946 2005 1110 2072 mulieres
1142 2004 1377 2091 agricolarum
1409 2013 1498 2067 natu

259 2109 448 2195 grandium
470 2111 618 2175 formam
641 2120 675 2175 et
696 2108 853 2195 speciem
875 2108 1166 2188 ementiebantur,
1191 2110 1393 2191 Praxagora
1412 2106 1498 2186 dux,

259 2223 297 2278 ut
318 2211 460 2298 singula
483 2233 656 2297 quaeque,
679 2233 771 2297 quae
794 2222 895 2278 erant
916 2209 1132 2276 mulierculis
1155 2220 1293 2295 praeter
1307 2217 1498 2274 consuetu-

261 2314 379 2380 dinem
401 2312 574 2395 facienda,
606 2324 708 2380 caute
731 2312 922 2400 praecepit,
953 2312 989 2379 id
1012 2334 1156 2398 quoque
1179 2322 1306 2392 monet,
1328 2331 1374 2375 ne
1396 2309 1498 2374 lemi-

260 2439 384 2482 narum
417 2438 523 2484 voces
555 2438 703 2483 canoras
737 2416 773 2482 in
804 2418 980 2483 cantando
1013 2414 1189 2497 emittant,
1222 2416 1285 2481 sed
1316 2412 1498 2479 imitentur

260 2519 416 2585 virorum
446 2519 638 2605 agrestium
679 2530 785 2605 atque
821 2541 943 2586 eorum
974 2540 1098 2585 senum
1129 2539 1235 2585 voces
1268 2528 1302 2584 et
1332 2514 1497 2584 cantandi

260 2621 439 2688 rationem.
486 2622 568 2706 Quo
591 2623 684 2689 facto
709 2624 913 2709 Praxagora
936 2643 1078 2707 quoque
1101 2620 1234 2707 quique
1258 2631 1398 2705 praeter
1421 2640 1494 2684 eam

261 2737 360 2791 erant
391 2724 596 2805 histriones,
628 2735 710 2791 sunt
742 2726 785 2791 de
816 2746 946 2791 scaena
973 2723 1108 2790 exituri.
1154 2722 1292 2789 Etenim
1316 2722 1425 2788 vestis
1447 2720 1498 2786 eis

263 2828 332 2892 iam
363 2838 438 2893 erat
468 2829 513 2892 ad
543 2838 661 2913 partes
692 2827 918 2912 insequentes
949 2827 1205 2893 commutanda.
1251 2826 1296 2890 Et
1318 2822 1499 2910 aptissime

261 2942 365 3016 poeta
397 2951 458 2996 eos
480 2929 564 2995 facit
588 2930 782 2998 discessum
805 2940 1014 2996 excusantes
1037 2928 1154 2995 verbis
1180 2927 1252 2994 his:

1040 3027 1135 3119 ἡμεῖς
1157 3028 1195 3095 de'
1216 3052 1250 3114 γε

470 3131 640 3222 προΐωμεν
667 3128 791 3200 αὐτῶν·
823 3134 879 3201 καὶ
907 3133 968 3221 γὰρ
1000 3129 1114 3220 ἑτέρας
1142 3128 1256 3217 οἴομαι

468 3236 504 3302 ὲκ
528 3238 593 3302 τῶν
615 3231 721 3326 ἀγρῶν
744 3237 779 3316 ἐς
799 3238 857 3325 τὴν
879 3231 980 3304 πύκν’
1005 3232 1094 3325 ἥξειν
1115 3232 1268 3323 ἄντικρυς

468 3344 623 3424 γυναῖκας
644 3344 713 3424 (vv.
738 3358 801 3426 279
823 3344 925 3427 sqq.).

353 3442 492 3526 Quibus
524 3442 560 3508 in
592 3444 709 3511 verbis
739 3467 808 3510 vox
839 3440 944 3508 αὐτῶν
973 3442 1051 3511 sine
1082 3443 1153 3508 ulla
1177 3440 1395 3507 dubitatione
1418 3461 1499 3506 cum

266 3544 403 3626 Beerio,
427 3546 580 3630 Engero,
605 3546 830 3632 Homungi0,
849 3545 1037 3612 Amoldtio
1053 3546 1098 3610 ad
1114 3546 1300 3611 choreutas
1317 3543 1501 3608 referenda

262 3659 325 3729 est,
359 3669 430 3712 non
455 3648 518 3712 ad:
554 3652 635 3711 »τῶν
657 3642 849 3735 apollon,
881 3660 919 3715 ut
942 3649 1130 3715 voluerunt
1153 3644 1443 3713 Schoenbomius
1467 3653 1501 3709 et

264 3749 492 3836 Agthiussstl.
539 3751 629 3816 Nam
653 3750 883 3818 histrionibus
913 3749 1029 3818 statim
1053 3760 1128 3815 erat
1150 3750 1195 3815 de
1220 3770 1349 3815 scaena
1370 3749 1499 3812 abeun-

265 3855 349 3920 dum
381 3864 487 3939 atque
518 3853 555 3919 id
586 3854 710 3921 eadem
743 3854 819 3935 via,
849 3870 920 3940 qua
950 3862 1182 3920 accesserant.
1238 3852 1426 3917 Praeterea
1456 3869 1501 3914 ne
1579 3871 1580 3932 f

268 3996 432 4003 ——-.

333 4058 377 4126 84)
396 4056 434 4113 Ol
452 4058 469 4113 l
486 4058 503 4113 l.
521 4076 546 4129 p.
565 4058 621 4113 100.

334 4143 378 4212 85)
396 4143 473 4199 Idem
490 4148 563 4199 recto
580 4145 633 4198 inm
652 4145 748 4199 statuit
765 4145 880 4215 Agthius
898 4146 930 4203 cl
948 4145 964 4200 l
981 4145 997 4199 l.
1015 4160 1040 4215 p.
1060 4145 1117 4210 171,
1134 4160 1160 4214 p.
1178 4142 1234 4198 173.

333 4227 378 4291 86)
397 4228 436 4284 (ll
454 4228 518 4284 Aen
536 4246 576 4284 vv.
595 4229 628 4285 19
645 4244 703 4299 sqq.

338 4313 381 4379 87)
398 4314 524 4369 Mainekii
550 4315 739 4370 coniecturam:
764 4315 891 4382 προΐωμεν
918 4311 997 4369 dotat
1020 4332 1074 4370 non
1100 4331 1180 4385 posse
1204 4312 1311 4383 probari
1334 4328 1381 4382 per
1407 4328 1436 4365 se
1461 4313 1503 4365 ast

266 4398 436 4455 manifestum
454 4398 496 4463 (cl.
513 4398 590 4454 vind
608 4399 688 4453 Arist
705 4416 731 4471 p.
748 4399 818 4469 289).
