<?xml version="1.0" encoding="UTF-8"?>
<!DOCTYPE html PUBLIC "-//W3C//DTD XHTML 1.0 Transitional//EN"
    "http://www.w3.org/TR/xhtml1/DTD/xhtml1-transitional.dtd">
<html xmlns="http://www.w3.org/1999/xhtml" xml:lang="en" lang="en">
 <head>
  <title>
</title>
<meta http-equiv="Content-Type" content="text/html;charset=utf-8" />
  <meta name='ocr-system' content='tesseract 3.04.00' />
  <meta name='ocr-capabilities' content='ocr_page ocr_carea ocr_par ocr_line ocrx_word'/>
</head>
<body>
  <div class='ocr_page' id='page_1' title='image "./dearistophanise01kaehgoog_0014.png"; bbox 0 0 3242 4867; ppageno 0'>
   <div class='ocr_carea' id='block_1_1' title="bbox 730 49 920 113">
    <p class='ocr_par' dir='ltr' id='par_1_1' title="bbox 730 49 920 113">
     <span class='ocr_line' id='line_1_1' title="bbox 730 49 920 113; baseline -0.011 -16"><span class='ocrx_word' id='word_1_1' title='bbox 730 49 920 113; x_wconf 70' lang='lat'>..6-</span> 
     </span>
    </p>
   </div>
   <div class='ocr_carea' id='block_1_2' title="bbox 210 228 1448 2472">
    <p class='ocr_par' dir='ltr' id='par_1_2' title="bbox 210 228 1448 2472">
     <span class='ocr_line' id='line_1_2' title="bbox 211 228 1443 320; baseline 0.003 -24"><span class='ocrx_word' id='word_1_2' title='bbox 211 230 358 311; x_wconf 82' lang='grc' dir='ltr'><strong><em>ναίους</em></strong></span> <span class='ocrx_word' id='word_1_3' title='bbox 395 234 769 319; x_wconf 72' lang='grc' dir='ltr'><strong><em>συνεπιλαβέσθαι</em></strong></span> <span class='ocrx_word' id='word_1_4' title='bbox 800 241 873 302; x_wconf 79' lang='grc' dir='ltr'>τοῦ</span> <span class='ocrx_word' id='word_1_5' title='bbox 902 231 1111 320; x_wconf 76' lang='grc' dir='ltr'><strong><em>πολέμου,</em></strong></span> <span class='ocrx_word' id='word_1_6' title='bbox 1153 232 1228 300; x_wconf 83' lang='grc' dir='ltr'><strong><em>τότε</em></strong></span> <span class='ocrx_word' id='word_1_7' title='bbox 1265 236 1326 320; x_wconf 78' lang='grc' dir='ltr'>μὲν</span> <span class='ocrx_word' id='word_1_8' title='bbox 1366 228 1443 300; x_wconf 72' lang='grc' dir='ltr'>καθ’</span> 
     </span>
     <span class='ocr_line' id='line_1_3' title="bbox 211 333 1445 426; baseline 0.003 -26"><span class='ocrx_word' id='word_1_9' title='bbox 211 333 328 413; x_wconf 64' lang='lat' dir='ltr'>atach</span> <span class='ocrx_word' id='word_1_10' title='bbox 357 334 523 423; x_wconf 77' lang='grc' dir='ltr'><strong><em>ὥρμησαν,</em></strong></span> <span class='ocrx_word' id='word_1_11' title='bbox 563 338 619 404; x_wconf 81' lang='grc' dir='ltr'>καὶ</span> <span class='ocrx_word' id='word_1_12' title='bbox 646 339 827 423; x_wconf 74' lang='grc' dir='ltr'><strong><em>κατέλαβον</em></strong></span> <span class='ocrx_word' id='word_1_13' title='bbox 850 335 1029 426; x_wconf 76' lang='grc' dir='ltr'><strong><em>Ἁλίαρτον</em></strong></span> <span class='ocrx_word' id='word_1_14' title='bbox 1059 335 1126 403; x_wconf 74' lang='grc' dir='ltr'>ὑπὸ</span> <span class='ocrx_word' id='word_1_15' title='bbox 1158 336 1358 424; x_wconf 80' lang='grc' dir='ltr'><strong><em>Λυσάνδρου</em></strong></span> <span class='ocrx_word' id='word_1_16' title='bbox 1388 338 1445 404; x_wconf 80' lang='grc' dir='ltr'>καὶ</span> 
     </span>
     <span class='ocr_line' id='line_1_4' title="bbox 215 438 1445 529; baseline 0.003 -26"><span class='ocrx_word' id='word_1_17' title='bbox 215 438 356 505; x_wconf 74' lang='grc' dir='ltr'><strong><em>Φωκίων</em></strong></span> <span class='ocrx_word' id='word_1_18' title='bbox 378 441 654 528; x_wconf 76' lang='grc' dir='ltr'><strong><em>πολιορκουμένην</em></strong></span> <span class='ocrx_word' id='word_1_19' title='bbox 667 446 729 526; x_wconf 73' lang='grc'>24),</span> <span class='ocrx_word' id='word_1_20' title='bbox 752 443 837 510; x_wconf 90' lang='lat' dir='ltr'>satis</span> <span class='ocrx_word' id='word_1_21' title='bbox 854 445 1012 529; x_wconf 90' lang='lat' dir='ltr'>profecto</span> <span class='ocrx_word' id='word_1_22' title='bbox 1028 465 1070 509; x_wconf 92' lang='lat' dir='ltr'>eo</span> <span class='ocrx_word' id='word_1_23' title='bbox 1086 443 1166 509; x_wconf 91' lang='lat' dir='ltr'>loco</span> <span class='ocrx_word' id='word_1_24' title='bbox 1183 442 1376 509; x_wconf 90' lang='lat' dir='ltr'>indicatum</span> <span class='ocrx_word' id='word_1_25' title='bbox 1392 452 1445 508; x_wconf 92' lang='lat' dir='ltr'>est</span> 
     </span>
     <span class='ocr_line' id='line_1_5' title="bbox 212 544 1444 632; baseline 0.002 -25"><span class='ocrx_word' id='word_1_26' title='bbox 212 544 425 609; x_wconf 80' lang='lat' dir='ltr'>Boeotorum</span> <span class='ocrx_word' id='word_1_27' title='bbox 448 545 584 630; x_wconf 85' lang='lat' dir='ltr'>legatos</span> <span class='ocrx_word' id='word_1_28' title='bbox 605 545 673 612; x_wconf 88' lang='lat' dir='ltr'>iarn</span> <span class='ocrx_word' id='word_1_29' title='bbox 693 556 774 612; x_wconf 90' lang='lat' dir='ltr'>ante</span> <span class='ocrx_word' id='word_1_30' title='bbox 786 568 946 632; x_wconf 83' lang='lat' dir='ltr'>pugnam</span> <span class='ocrx_word' id='word_1_31' title='bbox 964 544 1172 611; x_wconf 88' lang='lat' dir='ltr'>Haliartiam</span> <span class='ocrx_word' id='word_1_32' title='bbox 1188 547 1233 611; x_wconf 96' lang='lat' dir='ltr'>ab</span> <span class='ocrx_word' id='word_1_33' title='bbox 1250 544 1444 611; x_wconf 86' lang='lat' dir='ltr'>Athenien·</span> 
     </span>
     <span class='ocr_line' id='line_1_6' title="bbox 210 644 1445 735; baseline 0.001 -25"><span class='ocrx_word' id='word_1_34' title='bbox 210 644 308 711; x_wconf 89' lang='lat' dir='ltr'>sibus</span> <span class='ocrx_word' id='word_1_35' title='bbox 331 645 460 730; x_wconf 90' lang='lat' dir='ltr'>petisse</span> <span class='ocrx_word' id='word_1_36' title='bbox 481 647 610 713; x_wconf 88' lang='lat' dir='ltr'>auxilia</span> <span class='ocrx_word' id='word_1_37' title='bbox 625 670 741 733; x_wconf 90' lang='lat' dir='ltr'>neque</span> <span class='ocrx_word' id='word_1_38' title='bbox 757 647 887 735; x_wconf 89' lang='lat' dir='ltr'>petisse</span> <span class='ocrx_word' id='word_1_39' title='bbox 899 650 1037 715; x_wconf 84' lang='lat' dir='ltr'>frustra.</span> <span class='ocrx_word' id='word_1_40' title='bbox 1094 644 1265 731; x_wconf 80' lang='grc' dir='ltr'><strong><em>Συμμαχία</em></strong></span> <span class='ocrx_word' id='word_1_41' title='bbox 1280 646 1445 712; x_wconf 89' lang='lat' dir='ltr'>nimirum</span> 
     </span>
     <span class='ocr_line' id='line_1_7' title="bbox 212 746 1444 837; baseline 0.002 -25"><span class='ocrx_word' id='word_1_42' title='bbox 212 746 280 812; x_wconf 91' lang='lat' dir='ltr'>iam</span> <span class='ocrx_word' id='word_1_43' title='bbox 300 759 373 813; x_wconf 93' lang='lat' dir='ltr'>tum</span> <span class='ocrx_word' id='word_1_44' title='bbox 389 759 442 814; x_wconf 96' lang='lat' dir='ltr'>est</span> <span class='ocrx_word' id='word_1_45' title='bbox 456 751 549 816; x_wconf 89' lang='lat' dir='ltr'>facta</span> <span class='ocrx_word' id='word_1_46' title='bbox 562 762 596 817; x_wconf 92' lang='lat' dir='ltr'>et</span> <span class='ocrx_word' id='word_1_47' title='bbox 612 758 677 832; x_wconf 87' lang='lat' dir='ltr'>r&#39;es,</span> <span class='ocrx_word' id='word_1_48' title='bbox 702 774 790 837; x_wconf 90' lang='lat' dir='ltr'>quas</span> <span class='ocrx_word' id='word_1_49' title='bbox 806 750 966 818; x_wconf 85' lang='lat' dir='ltr'>confudit</span> <span class='ocrx_word' id='word_1_50' title='bbox 982 750 1170 831; x_wconf 89' lang='lat' dir='ltr'>Diodorus,</span> <span class='ocrx_word' id='word_1_51' title='bbox 1194 773 1275 816; x_wconf 90' lang='lat' dir='ltr'>cum</span> <span class='ocrx_word' id='word_1_52' title='bbox 1290 752 1335 816; x_wconf 94' lang='lat' dir='ltr'>de</span> <span class='ocrx_word' id='word_1_53' title='bbox 1350 749 1444 815; x_wconf 92' lang='lat' dir='ltr'>bello</span> 
     </span>
     <span class='ocr_line' id='line_1_8' title="bbox 212 849 1444 937; baseline 0.001 -22"><span class='ocrx_word' id='word_1_54' title='bbox 212 849 440 917; x_wconf 85' lang='lat' dir='ltr'>Corinthiaco</span> <span class='ocrx_word' id='word_1_55' title='bbox 465 853 571 918; x_wconf 90' lang='lat' dir='ltr'>verba</span> <span class='ocrx_word' id='word_1_56' title='bbox 593 854 749 920; x_wconf 84' lang='lat' dir='ltr'>facturus</span> <span class='ocrx_word' id='word_1_57' title='bbox 772 852 1009 932; x_wconf 82' lang='lat' dir='ltr'><strong>Athenienses</strong></span> <span class='ocrx_word' id='word_1_58' title='bbox 1032 854 1156 919; x_wconf 89' lang='lat' dir='ltr'>eodem</span> <span class='ocrx_word' id='word_1_59' title='bbox 1179 863 1347 937; x_wconf 88' lang='lat' dir='ltr'>tempore,</span> <span class='ocrx_word' id='word_1_60' title='bbox 1373 873 1444 937; x_wconf 93' lang='lat' dir='ltr'>quo</span> 
     </span>
     <span class='ocr_line' id='line_1_9' title="bbox 214 951 1446 1037; baseline 0.002 -21"><span class='ocrx_word' id='word_1_61' title='bbox 214 951 370 1037; x_wconf 84' lang='lat' dir='ltr'>Argivos</span> <span class='ocrx_word' id='word_1_62' title='bbox 399 965 433 1019; x_wconf 91' lang='lat' dir='ltr'>et</span> <span class='ocrx_word' id='word_1_63' title='bbox 456 954 677 1035; x_wconf 84' lang='lat' dir='ltr'>Corinthios,</span> <span class='ocrx_word' id='word_1_64' title='bbox 707 955 913 1023; x_wconf 90' lang='lat' dir='ltr'>societatem</span> <span class='ocrx_word' id='word_1_65' title='bbox 945 978 1026 1022; x_wconf 92' lang='lat' dir='ltr'>cum</span> <span class='ocrx_word' id='word_1_66' title='bbox 1049 954 1193 1022; x_wconf 90' lang='lat' dir='ltr'>Boeotis</span> <span class='ocrx_word' id='word_1_67' title='bbox 1226 954 1333 1021; x_wconf 90' lang='lat' dir='ltr'>inisse</span> <span class='ocrx_word' id='word_1_68' title='bbox 1362 952 1446 1020; x_wconf 91' lang='lat' dir='ltr'>scri·</span> 
     </span>
     <span class='ocr_line' id='line_1_10' title="bbox 212 1055 1447 1140; baseline 0.001 -20"><span class='ocrx_word' id='word_1_69' title='bbox 212 1056 311 1121; x_wconf 90' lang='lat' dir='ltr'>beret</span> <span class='ocrx_word' id='word_1_70' title='bbox 328 1056 438 1136; x_wconf 89' lang='lat' dir='ltr'>(XIV,</span> <span class='ocrx_word' id='word_1_71' title='bbox 462 1058 526 1140; x_wconf 85' lang='lat'>82),</span> <span class='ocrx_word' id='word_1_72' title='bbox 550 1079 587 1124; x_wconf 93' lang='lat' dir='ltr'>re</span> <span class='ocrx_word' id='word_1_73' title='bbox 611 1080 694 1124; x_wconf 88' lang='lat' dir='ltr'>vera</span> <span class='ocrx_word' id='word_1_74' title='bbox 715 1080 794 1125; x_wconf 92' lang='lat' dir='ltr'>sese</span> <span class='ocrx_word' id='word_1_75' title='bbox 817 1061 1017 1124; x_wconf 90' lang='lat' dir='ltr'>habuerunt</span> <span class='ocrx_word' id='word_1_76' title='bbox 1040 1057 1098 1138; x_wconf 89' lang='lat' dir='ltr'>ita,</span> <span class='ocrx_word' id='word_1_77' title='bbox 1123 1069 1161 1123; x_wconf 93' lang='lat' dir='ltr'>ut</span> <span class='ocrx_word' id='word_1_78' title='bbox 1178 1059 1332 1123; x_wconf 85' lang='lat' dir='ltr'>Boeotos</span> <span class='ocrx_word' id='word_1_79' title='bbox 1356 1055 1447 1122; x_wconf 90' lang='lat' dir='ltr'>inter</span> 
     </span>
     <span class='ocr_line' id='line_1_11' title="bbox 213 1157 1444 1246; baseline 0.002 -25"><span class='ocrx_word' id='word_1_80' title='bbox 213 1167 247 1221; x_wconf 92' lang='lat' dir='ltr'>et</span> <span class='ocrx_word' id='word_1_81' title='bbox 278 1157 513 1226; x_wconf 86' lang='lat' dir='ltr'>Athenienses</span> <span class='ocrx_word' id='word_1_82' title='bbox 552 1159 621 1226; x_wconf 91' lang='lat' dir='ltr'>iam</span> <span class='ocrx_word' id='word_1_83' title='bbox 654 1171 736 1226; x_wconf 87' lang='lat' dir='ltr'>ante</span> <span class='ocrx_word' id='word_1_84' title='bbox 766 1183 925 1246; x_wconf 84' lang='lat' dir='ltr'>pugnam</span> <span class='ocrx_word' id='word_1_85' title='bbox 956 1161 1082 1227; x_wconf 88' lang='lat' dir='ltr'>foedus</span> <span class='ocrx_word' id='word_1_86' title='bbox 1112 1160 1229 1240; x_wconf 88' lang='lat' dir='ltr'>fieret,</span> <span class='ocrx_word' id='word_1_87' title='bbox 1270 1157 1444 1225; x_wconf 90' lang='lat' dir='ltr'>Corinthii</span> 
     </span>
     <span class='ocr_line' id='line_1_12' title="bbox 213 1260 1446 1349; baseline 0.003 -27"><span class='ocrx_word' id='word_1_88' title='bbox 213 1269 329 1324; x_wconf 88' lang='lat' dir='ltr'>autem</span> <span class='ocrx_word' id='word_1_89' title='bbox 368 1273 402 1326; x_wconf 94' lang='lat' dir='ltr'>et</span> <span class='ocrx_word' id='word_1_90' title='bbox 432 1260 560 1348; x_wconf 85' lang='lat' dir='ltr'>Argivi</span> <span class='ocrx_word' id='word_1_91' title='bbox 587 1275 667 1349; x_wconf 90' lang='lat' dir='ltr'>post</span> <span class='ocrx_word' id='word_1_92' title='bbox 699 1263 874 1348; x_wconf 82' lang='lat' dir='ltr'>Lysandri</span> <span class='ocrx_word' id='word_1_93' title='bbox 903 1264 1040 1330; x_wconf 86' lang='lat' dir='ltr'><strong>cladem</strong></span> <span class='ocrx_word' id='word_1_94' title='bbox 1071 1275 1177 1348; x_wconf 88' lang='lat' dir='ltr'>atque</span> <span class='ocrx_word' id='word_1_95' title='bbox 1208 1274 1354 1329; x_wconf 91' lang='lat' dir='ltr'>mortem</span> <span class='ocrx_word' id='word_1_96' title='bbox 1387 1262 1446 1327; x_wconf 90' lang='lat' dir='ltr'>ad-</span> 
     </span>
     <span class='ocr_line' id='line_1_13' title="bbox 213 1361 1447 1451; baseline 0.002 -25"><span class='ocrx_word' id='word_1_97' title='bbox 213 1361 521 1446; x_wconf 69' lang='lat' dir='ltr'>sciscerentur25).</span> <span class='ocrx_word' id='word_1_98' title='bbox 568 1366 675 1449; x_wconf 84' lang='lat' dir='ltr'>Quod</span> <span class='ocrx_word' id='word_1_99' title='bbox 706 1365 753 1436; x_wconf 90' lang='lat' dir='ltr'>ita</span> <span class='ocrx_word' id='word_1_100' title='bbox 780 1364 889 1432; x_wconf 86' lang='lat' dir='ltr'>fuisse</span> <span class='ocrx_word' id='word_1_101' title='bbox 912 1388 956 1432; x_wconf 91' lang='lat' dir='ltr'>ex</span> <span class='ocrx_word' id='word_1_102' title='bbox 979 1367 1218 1451; x_wconf 90' lang='lat' dir='ltr'>Xenophonte</span> <span class='ocrx_word' id='word_1_103' title='bbox 1239 1364 1342 1430; x_wconf 89' lang='lat' dir='ltr'>nobis</span> <span class='ocrx_word' id='word_1_104' title='bbox 1365 1363 1447 1431; x_wconf 89' lang='lat' dir='ltr'>licet</span> 
     </span>
     <span class='ocr_line' id='line_1_14' title="bbox 214 1465 1447 1554; baseline 0.003 -25"><span class='ocrx_word' id='word_1_105' title='bbox 214 1465 423 1550; x_wconf 88' lang='lat' dir='ltr'>perspicere.</span> <span class='ocrx_word' id='word_1_106' title='bbox 479 1468 550 1551; x_wconf 84' lang='lat' dir='ltr'>Qui</span> <span class='ocrx_word' id='word_1_107' title='bbox 583 1468 724 1554; x_wconf 91' lang='lat' dir='ltr'>quidem</span> <span class='ocrx_word' id='word_1_108' title='bbox 759 1470 973 1535; x_wconf 84' lang='lat' dir='ltr'>Boeotorum</span> <span class='ocrx_word' id='word_1_109' title='bbox 1005 1469 1143 1553; x_wconf 83' lang='lat' dir='ltr'>legatos</span> <span class='ocrx_word' id='word_1_110' title='bbox 1175 1466 1447 1534; x_wconf 79' lang='lat' dir='ltr'>Atheniensium</span> 
     </span>
     <span class='ocr_line' id='line_1_15' title="bbox 214 1565 1447 1656; baseline 0.003 -26"><span class='ocrx_word' id='word_1_111' title='bbox 214 1565 320 1631; x_wconf 91' lang='lat' dir='ltr'>fidem</span> <span class='ocrx_word' id='word_1_112' title='bbox 350 1579 384 1633; x_wconf 93' lang='lat' dir='ltr'>et</span> <span class='ocrx_word' id='word_1_113' title='bbox 407 1568 621 1653; x_wconf 85' lang='lat' dir='ltr'>praesidium</span> <span class='ocrx_word' id='word_1_114' title='bbox 644 1570 713 1635; x_wconf 91' lang='lat' dir='ltr'>iam</span> <span class='ocrx_word' id='word_1_115' title='bbox 735 1569 819 1637; x_wconf 88' lang='lat' dir='ltr'>facit</span> <span class='ocrx_word' id='word_1_116' title='bbox 843 1569 1088 1656; x_wconf 83' lang='lat' dir='ltr'>implorantes,</span> <span class='ocrx_word' id='word_1_117' title='bbox 1121 1593 1201 1635; x_wconf 88' lang='lat' dir='ltr'>cum</span> <span class='ocrx_word' id='word_1_118' title='bbox 1225 1570 1447 1656; x_wconf 89' lang='lat' dir='ltr'>Lysandrum</span> 
     </span>
     <span class='ocr_line' id='line_1_16' title="bbox 215 1669 1448 1759; baseline 0.002 -25"><span class='ocrx_word' id='word_1_119' title='bbox 215 1679 248 1734; x_wconf 93' lang='lat' dir='ltr'>et</span> <span class='ocrx_word' id='word_1_120' title='bbox 265 1669 477 1735; x_wconf 88' lang='lat' dir='ltr'>Pausaniam</span> <span class='ocrx_word' id='word_1_121' title='bbox 499 1671 672 1739; x_wconf 87' lang='lat' dir='ltr'>exercitus</span> <span class='ocrx_word' id='word_1_122' title='bbox 696 1695 905 1759; x_wconf 91' lang='lat' dir='ltr'>promovere</span> <span class='ocrx_word' id='word_1_123' title='bbox 924 1671 1184 1757; x_wconf 84' lang='lat' dir='ltr'>cognovissent.</span> <span class='ocrx_word' id='word_1_124' title='bbox 1230 1674 1357 1758; x_wconf 85' lang='lat' dir='ltr'>Neque</span> <span class='ocrx_word' id='word_1_125' title='bbox 1373 1670 1448 1738; x_wconf 89' lang='lat' dir='ltr'>veri</span> 
     </span>
     <span class='ocr_line' id='line_1_17' title="bbox 213 1770 1447 1860; baseline 0.002 -23"><span class='ocrx_word' id='word_1_126' title='bbox 213 1770 327 1838; x_wconf 91' lang='lat' dir='ltr'>simile</span> <span class='ocrx_word' id='word_1_127' title='bbox 356 1772 495 1839; x_wconf 92' lang='lat' dir='ltr'>videtur</span> <span class='ocrx_word' id='word_1_128' title='bbox 527 1797 607 1840; x_wconf 92' lang='lat' dir='ltr'>eum</span> <span class='ocrx_word' id='word_1_129' title='bbox 637 1772 973 1860; x_wconf 77' lang='lat' dir='ltr'>memoria&#39;lapsum</span> <span class='ocrx_word' id='word_1_130' title='bbox 1003 1796 1118 1840; x_wconf 92' lang='lat' dir='ltr'>rerum</span> <span class='ocrx_word' id='word_1_131' title='bbox 1148 1775 1308 1842; x_wconf 89' lang='lat' dir='ltr'>ordinem</span> <span class='ocrx_word' id='word_1_132' title='bbox 1338 1786 1372 1840; x_wconf 93' lang='lat' dir='ltr'>et</span> <span class='ocrx_word' id='word_1_133' title='bbox 1395 1796 1447 1839; x_wconf 86' lang='lat' dir='ltr'>ra·</span> 
     </span>
     <span class='ocr_line' id='line_1_18' title="bbox 214 1872 1448 1944; baseline 0.001 -4"><span class='ocrx_word' id='word_1_134' title='bbox 214 1873 345 1940; x_wconf 90' lang='lat' dir='ltr'>tionem</span> <span class='ocrx_word' id='word_1_135' title='bbox 377 1887 618 1943; x_wconf 89' lang='lat' dir='ltr'>commutasse.</span> <span class='ocrx_word' id='word_1_136' title='bbox 664 1878 756 1944; x_wconf 92' lang='lat' dir='ltr'>Nam</span> <span class='ocrx_word' id='word_1_137' title='bbox 780 1872 1052 1943; x_wconf 86' lang='lat' dir='ltr'>Atheniensium</span> <span class='ocrx_word' id='word_1_138' title='bbox 1077 1877 1228 1943; x_wconf 88' lang='lat' dir='ltr'>societas</span> <span class='ocrx_word' id='word_1_139' title='bbox 1250 1878 1343 1943; x_wconf 84' lang='lat' dir='ltr'>facta</span> <span class='ocrx_word' id='word_1_140' title='bbox 1367 1899 1448 1942; x_wconf 86' lang='lat' dir='ltr'>curn</span> 
     </span>
     <span class='ocr_line' id='line_1_19' title="bbox 215 1976 1447 2066; baseline 0.002 -25"><span class='ocrx_word' id='word_1_141' title='bbox 215 1976 375 2044; x_wconf 92' lang='lat' dir='ltr'>hostibus</span> <span class='ocrx_word' id='word_1_142' title='bbox 405 1980 451 2044; x_wconf 91' lang='lat' dir='ltr'>ad</span> <span class='ocrx_word' id='word_1_143' title='bbox 481 1977 568 2048; x_wconf 93' lang='lat' dir='ltr'>illud</span> <span class='ocrx_word' id='word_1_144' title='bbox 597 1990 735 2066; x_wconf 89' lang='lat' dir='ltr'>tempus</span> <span class='ocrx_word' id='word_1_145' title='bbox 768 1978 1012 2047; x_wconf 88' lang='lat' dir='ltr'>infensissimis</span> <span class='ocrx_word' id='word_1_146' title='bbox 1044 2002 1130 2047; x_wconf 87' lang='lat' dir='ltr'>sane</span> <span class='ocrx_word' id='word_1_147' title='bbox 1161 1990 1235 2046; x_wconf 91' lang='lat' dir='ltr'>erat</span> <span class='ocrx_word' id='word_1_148' title='bbox 1261 1978 1447 2046; x_wconf 92' lang='lat' dir='ltr'>consilium</span> 
     </span>
     <span class='ocr_line' id='line_1_20' title="bbox 215 2080 1447 2168; baseline 0.001 -23"><span class='ocrx_word' id='word_1_149' title='bbox 215 2080 260 2145; x_wconf 92' lang='lat' dir='ltr'>ad</span> <span class='ocrx_word' id='word_1_150' title='bbox 298 2091 475 2166; x_wconf 92' lang='lat' dir='ltr'>tempora,</span> <span class='ocrx_word' id='word_1_151' title='bbox 510 2104 602 2167; x_wconf 92' lang='lat' dir='ltr'>quae</span> <span class='ocrx_word' id='word_1_152' title='bbox 630 2094 713 2149; x_wconf 90' lang='lat' dir='ltr'>sunt</span> <span class='ocrx_word' id='word_1_153' title='bbox 741 2094 881 2163; x_wconf 91' lang='lat' dir='ltr'>secuta,</span> <span class='ocrx_word' id='word_1_154' title='bbox 914 2081 1161 2168; x_wconf 85' lang='lat' dir='ltr'>gravissimum</span> <span class='ocrx_word' id='word_1_155' title='bbox 1194 2082 1346 2168; x_wconf 90' lang='lat' dir='ltr'>ideoque</span> <span class='ocrx_word' id='word_1_156' title='bbox 1376 2104 1447 2147; x_wconf 93' lang='lat' dir='ltr'>om·</span> 
     </span>
     <span class='ocr_line' id='line_1_21' title="bbox 215 2182 1448 2270; baseline 0 -22"><span class='ocrx_word' id='word_1_157' title='bbox 215 2182 319 2249; x_wconf 92' lang='lat' dir='ltr'>nibus</span> <span class='ocrx_word' id='word_1_158' title='bbox 350 2183 571 2250; x_wconf 90' lang='lat' dir='ltr'>notissimum</span> <span class='ocrx_word' id='word_1_159' title='bbox 585 2187 664 2267; x_wconf 55' lang='lat'>5⁶²).</span> <span class='ocrx_word' id='word_1_160' title='bbox 727 2186 782 2251; x_wconf 79' lang='lat' dir='ltr'>Ac</span> <span class='ocrx_word' id='word_1_161' title='bbox 824 2207 869 2251; x_wconf 94' lang='lat' dir='ltr'>ne</span> <span class='ocrx_word' id='word_1_162' title='bbox 900 2186 1173 2270; x_wconf 85' lang='lat' dir='ltr'>Xenophontem</span> <span class='ocrx_word' id='word_1_163' title='bbox 1212 2185 1356 2270; x_wconf 87' lang='lat' dir='ltr'>quidem</span> <span class='ocrx_word' id='word_1_164' title='bbox 1397 2183 1448 2249; x_wconf 93' lang='lat' dir='ltr'>illi</span> 
     </span>
     <span class='ocr_line' id='line_1_22' title="bbox 217 2283 1447 2373; baseline 0.001 -22"><span class='ocrx_word' id='word_1_165' title='bbox 217 2284 429 2371; x_wconf 91' lang='lat' dir='ltr'>populiscito</span> <span class='ocrx_word' id='word_1_166' title='bbox 467 2309 591 2373; x_wconf 88' lang='lat' dir='ltr'>parurn</span> <span class='ocrx_word' id='word_1_167' title='bbox 631 2287 795 2354; x_wconf 91' lang='lat' dir='ltr'>tribuisse</span> <span class='ocrx_word' id='word_1_168' title='bbox 833 2309 875 2353; x_wconf 91' lang='lat' dir='ltr'>ea</span> <span class='ocrx_word' id='word_1_169' title='bbox 915 2310 953 2355; x_wconf 94' lang='lat' dir='ltr'>re</span> <span class='ocrx_word' id='word_1_170' title='bbox 994 2287 1078 2354; x_wconf 89' lang='lat' dir='ltr'>satis</span> <span class='ocrx_word' id='word_1_171' title='bbox 1099 2283 1101 2288; x_wconf 61' lang='grc'>’</span> <span class='ocrx_word' id='word_1_172' title='bbox 1122 2298 1174 2354; x_wconf 93' lang='lat' dir='ltr'>est</span> <span class='ocrx_word' id='word_1_173' title='bbox 1213 2286 1447 2367; x_wconf 90' lang='lat' dir='ltr'>manifestum,</span> 
     </span>
     <span class='ocr_line' id='line_1_23' title="bbox 217 2387 1446 2472; baseline 0.001 -19"><span class='ocrx_word' id='word_1_174' title='bbox 217 2389 329 2472; x_wconf 92' lang='lat' dir='ltr'>quod,</span> <span class='ocrx_word' id='word_1_175' title='bbox 360 2388 425 2455; x_wconf 90' lang='lat' dir='ltr'>etsi</span> <span class='ocrx_word' id='word_1_176' title='bbox 456 2387 492 2453; x_wconf 93' lang='lat' dir='ltr'>in</span> <span class='ocrx_word' id='word_1_177' title='bbox 515 2388 584 2457; x_wconf 93' lang='lat' dir='ltr'>illis</span> <span class='ocrx_word' id='word_1_178' title='bbox 607 2392 712 2457; x_wconf 89' lang='lat' dir='ltr'>rebus</span> <span class='ocrx_word' id='word_1_179' title='bbox 735 2389 942 2457; x_wconf 90' lang='lat' dir='ltr'>enarrandis</span> <span class='ocrx_word' id='word_1_180' title='bbox 964 2412 1100 2457; x_wconf 89' lang='lat' dir='ltr'>summa</span> <span class='ocrx_word' id='word_1_181' title='bbox 1131 2389 1303 2456; x_wconf 89' lang='lat' dir='ltr'>brevitate</span> <span class='ocrx_word' id='word_1_182' title='bbox 1327 2389 1446 2470; x_wconf 92' lang='lat' dir='ltr'>utitur,</span> 
     </span>
    </p>
   </div>
   <div class='ocr_carea' id='block_1_3' title="bbox 117 2491 1448 2578">
    <p class='ocr_par' dir='ltr' id='par_1_3' title="bbox 117 2491 1448 2578">
     <span class='ocr_line' id='line_1_24' title="bbox 117 2491 1448 2578; baseline 0.002 -23"><span class='ocrx_word' id='word_1_183' title='bbox 117 2497 122 2504; x_wconf 85' lang='lat'>&#39;</span> <span class='ocrx_word' id='word_1_184' title='bbox 216 2501 333 2556; x_wconf 89' lang='lat' dir='ltr'>tamen</span> <span class='ocrx_word' id='word_1_185' title='bbox 365 2493 578 2557; x_wconf 92' lang='lat' dir='ltr'>Boeotorum</span> <span class='ocrx_word' id='word_1_186' title='bbox 610 2492 804 2559; x_wconf 89' lang='lat' dir='ltr'>orationem</span> <span class='ocrx_word' id='word_1_187' title='bbox 834 2492 902 2558; x_wconf 91' lang='lat' dir='ltr'>sibi</span> <span class='ocrx_word' id='word_1_188' title='bbox 929 2493 1169 2578; x_wconf 82' lang='lat' dir='ltr'>&#39;effingendam</span> <span class='ocrx_word' id='word_1_189' title='bbox 1201 2514 1279 2559; x_wconf 88' lang='lat' dir='ltr'>esse</span> <span class='ocrx_word' id='word_1_190' title='bbox 1311 2491 1448 2559; x_wconf 92' lang='lat' dir='ltr'>censuit</span> 
     </span>
    </p>
   </div>
   <div class='ocr_carea' id='block_1_4' title="bbox 217 2592 1458 3704">
    <p class='ocr_par' dir='ltr' id='par_1_4' title="bbox 217 2592 1458 3704">
     <span class='ocr_line' id='line_1_25' title="bbox 217 2592 1447 2682; baseline 0 -24"><span class='ocrx_word' id='word_1_191' title='bbox 217 2593 273 2674; x_wconf 84' lang='lat' dir='ltr'>(cf.</span> <span class='ocrx_word' id='word_1_192' title='bbox 298 2593 358 2657; x_wconf 89' lang='lat' dir='ltr'>III.</span> <span class='ocrx_word' id='word_1_193' title='bbox 383 2608 412 2682; x_wconf 77' lang='lat'>5.</span> <span class='ocrx_word' id='word_1_194' title='bbox 436 2596 456 2659; x_wconf 86' lang='lat'>8</span> <span class='ocrx_word' id='word_1_195' title='bbox 478 2597 579 2680; x_wconf 55' lang='lat' dir='ltr'>sqq).</span> <span class='ocrx_word' id='word_1_196' title='bbox 625 2596 849 2681; x_wconf 79' lang='lat' dir='ltr'>Quamquam</span> <span class='ocrx_word' id='word_1_197' title='bbox 873 2592 1059 2679; x_wconf 84' lang='grc' dir='ltr'><strong><em>συμμαχίας</em></strong></span> <span class='ocrx_word' id='word_1_198' title='bbox 1080 2617 1220 2676; x_wconf 89' lang='lat' dir='ltr'>nomen,</span> <span class='ocrx_word' id='word_1_199' title='bbox 1244 2617 1314 2680; x_wconf 92' lang='lat' dir='ltr'>quo</span> <span class='ocrx_word' id='word_1_200' title='bbox 1338 2593 1447 2659; x_wconf 93' lang='lat' dir='ltr'>utitur</span> 
     </span>
     <span class='ocr_line' id='line_1_26' title="bbox 220 2694 1448 2781; baseline 0.002 -21"><span class='ocrx_word' id='word_1_201' title='bbox 220 2694 399 2761; x_wconf 89' lang='lat' dir='ltr'>Diodorus</span> <span class='ocrx_word' id='word_1_202' title='bbox 432 2697 529 2777; x_wconf 85' lang='lat' dir='ltr'>XIV,</span> <span class='ocrx_word' id='word_1_203' title='bbox 559 2700 619 2777; x_wconf 87' lang='lat'>82,</span> <span class='ocrx_word' id='word_1_204' title='bbox 660 2699 705 2762; x_wconf 89' lang='lat' dir='ltr'>ab</span> <span class='ocrx_word' id='word_1_205' title='bbox 734 2697 795 2764; x_wconf 90' lang='lat' dir='ltr'>illo</span> <span class='ocrx_word' id='word_1_206' title='bbox 826 2720 897 2763; x_wconf 93' lang='lat' dir='ltr'>non</span> <span class='ocrx_word' id='word_1_207' title='bbox 928 2698 1119 2765; x_wconf 90' lang='lat' dir='ltr'>admissum</span> <span class='ocrx_word' id='word_1_208' title='bbox 1152 2710 1213 2765; x_wconf 90' lang='lat' dir='ltr'>est.</span> <span class='ocrx_word' id='word_1_209' title='bbox 1270 2695 1367 2781; x_wconf 82' lang='lat' dir='ltr'>Quid</span> <span class='ocrx_word' id='word_1_210' title='bbox 1396 2698 1448 2762; x_wconf 83' lang='lat' dir='ltr'>lu·</span> 
     </span>
     <span class='ocr_line' id='line_1_27' title="bbox 218 2797 1447 2886; baseline 0.002 -23"><span class='ocrx_word' id='word_1_211' title='bbox 218 2797 283 2863; x_wconf 92' lang='lat' dir='ltr'>erit</span> <span class='ocrx_word' id='word_1_212' title='bbox 313 2820 459 2879; x_wconf 89' lang='lat' dir='ltr'>causae,</span> <span class='ocrx_word' id='word_1_213' title='bbox 491 2821 554 2865; x_wconf 93' lang='lat' dir='ltr'>cur</span> <span class='ocrx_word' id='word_1_214' title='bbox 585 2801 731 2866; x_wconf 91' lang='lat' dir='ltr'>verbum</span> <span class='ocrx_word' id='word_1_215' title='bbox 763 2804 902 2885; x_wconf 76' lang='grc' dir='ltr'><strong><em>βοηθεῖν</em></strong></span> <span class='ocrx_word' id='word_1_216' title='bbox 927 2801 1102 2886; x_wconf 87' lang='lat' dir='ltr'>posuerit,</span> <span class='ocrx_word' id='word_1_217' title='bbox 1129 2823 1209 2867; x_wconf 91' lang='lat' dir='ltr'>cum</span> <span class='ocrx_word' id='word_1_218' title='bbox 1233 2811 1311 2886; x_wconf 91' lang='lat' dir='ltr'>post</span> <span class='ocrx_word' id='word_1_219' title='bbox 1335 2801 1447 2866; x_wconf 89' lang='lat' dir='ltr'>Boeo·</span> 
     </span>
     <span class='ocr_line' id='line_1_28' title="bbox 218 2887 1449 2988; baseline -0.002 -23"><span class='ocrx_word' id='word_1_220' title='bbox 218 2911 333 2965; x_wconf 93' lang='lat' dir='ltr'>torum</span> <span class='ocrx_word' id='word_1_221' title='bbox 366 2899 560 2967; x_wconf 88' lang='lat' dir='ltr'>orationem</span> <span class='ocrx_word' id='word_1_222' title='bbox 592 2914 718 2988; x_wconf 88' lang='lat' dir='ltr'>pergat</span> <span class='ocrx_word' id='word_1_223' title='bbox 749 2902 785 2968; x_wconf 91' lang='lat' dir='ltr'>in</span> <span class='ocrx_word' id='word_1_224' title='bbox 817 2905 913 2976; x_wconf 89' lang='lat' dir='ltr'>hunc</span> <span class='ocrx_word' id='word_1_225' title='bbox 936 2905 1097 2969; x_wconf 90' lang='lat' dir='ltr'>modum:</span> <span class='ocrx_word' id='word_1_226' title='bbox 1115 2887 1190 2967; x_wconf 49' lang='grc' dir='ltr'><strong><em>’τῶν</em></strong></span> <span class='ocrx_word' id='word_1_227' title='bbox 1212 2895 1241 2966; x_wconf 72' lang='grc' dir='ltr'>δ’</span> <span class='ocrx_word' id='word_1_228' title='bbox 1261 2895 1449 2987; x_wconf 65' lang='grc' dir='ltr'><strong><em>Ἀθηναίων</em></strong></span> 
     </span>
     <span class='ocr_line' id='line_1_29' title="bbox 220 2993 1458 3091; baseline 0 -24"><span class='ocrx_word' id='word_1_229' title='bbox 220 2997 417 3086; x_wconf 82' lang='grc' dir='ltr'><strong><em>πάμπολλοι</em></strong></span> <span class='ocrx_word' id='word_1_230' title='bbox 452 3001 513 3086; x_wconf 84' lang='grc' dir='ltr'>μὲν</span> <span class='ocrx_word' id='word_1_231' title='bbox 549 3001 772 3090; x_wconf 74' lang='grc' dir='ltr'><strong><em>συνηγόρευον,</em></strong></span> <span class='ocrx_word' id='word_1_232' title='bbox 808 3001 931 3082; x_wconf 83' lang='grc' dir='ltr'><strong><em>πάντες</em></strong></span> <span class='ocrx_word' id='word_1_233' title='bbox 961 2999 994 3069; x_wconf 75' lang='grc' dir='ltr'>δ’</span> <span class='ocrx_word' id='word_1_234' title='bbox 1025 3003 1235 3091; x_wconf 76' lang='grc' dir='ltr'><strong><em>ἐψηφίσαντο</em></strong></span> <span class='ocrx_word' id='word_1_235' title='bbox 1271 2993 1458 3091; x_wconf 74' lang='grc' dir='ltr'><strong><em>βοηθεῖν</em></strong></span> 
     </span>
     <span class='ocr_line' id='line_1_30' title="bbox 218 3098 1449 3194; baseline 0.002 -25"><span class='ocrx_word' id='word_1_236' title='bbox 218 3098 330 3181; x_wconf 73' lang='grc' dir='ltr'><strong><em>αὐτοῖς</em></strong></span> <span class='ocrx_word' id='word_1_237' title='bbox 353 3106 427 3187; x_wconf 88' lang='lat' dir='ltr'>(Ill.</span> <span class='ocrx_word' id='word_1_238' title='bbox 454 3121 482 3188; x_wconf 88' lang='lat'>5.</span> <span class='ocrx_word' id='word_1_239' title='bbox 509 3106 559 3189; x_wconf 84' lang='lat'>16)</span> <span class='ocrx_word' id='word_1_240' title='bbox 583 3106 668 3173; x_wconf 89' lang='lat' dir='ltr'>mihi</span> <span class='ocrx_word' id='word_1_241' title='bbox 690 3130 762 3174; x_wconf 89' lang='lat' dir='ltr'>non</span> <span class='ocrx_word' id='word_1_242' title='bbox 786 3107 905 3194; x_wconf 88' lang='lat' dir='ltr'>liquet.</span> <span class='ocrx_word' id='word_1_243' title='bbox 952 3110 1115 3175; x_wconf 91' lang='lat' dir='ltr'>Fortasse</span> <span class='ocrx_word' id='word_1_244' title='bbox 1138 3107 1217 3175; x_wconf 90' lang='lat' dir='ltr'>ideo</span> <span class='ocrx_word' id='word_1_245' title='bbox 1242 3110 1449 3188; x_wconf 86' lang='lat' dir='ltr'>estfactum,</span> 
     </span>
     <span class='ocr_line' id='line_1_31' title="bbox 219 3206 1450 3296; baseline 0.002 -24"><span class='ocrx_word' id='word_1_246' title='bbox 219 3206 303 3293; x_wconf 89' lang='lat' dir='ltr'>quia</span> <span class='ocrx_word' id='word_1_247' title='bbox 331 3208 424 3274; x_wconf 92' lang='lat' dir='ltr'>idem</span> <span class='ocrx_word' id='word_1_248' title='bbox 454 3208 664 3276; x_wconf 90' lang='lat' dir='ltr'>adhibuerat</span> <span class='ocrx_word' id='word_1_249' title='bbox 693 3209 729 3275; x_wconf 94' lang='lat' dir='ltr'>in</span> <span class='ocrx_word' id='word_1_250' title='bbox 751 3212 950 3296; x_wconf 85' lang='lat' dir='ltr'>legatorum</span> <span class='ocrx_word' id='word_1_251' title='bbox 974 3210 1141 3276; x_wconf 86' lang='lat' dir='ltr'>oratione.</span> <span class='ocrx_word' id='word_1_252' title='bbox 1188 3211 1351 3277; x_wconf 89' lang='lat' dir='ltr'>Fortasse</span> <span class='ocrx_word' id='word_1_253' title='bbox 1373 3209 1450 3276; x_wconf 91' lang='lat' dir='ltr'>sine</span> 
     </span>
     <span class='ocr_line' id='line_1_32' title="bbox 219 3311 1451 3397; baseline 0.004 -23"><span class='ocrx_word' id='word_1_254' title='bbox 219 3311 291 3377; x_wconf 92' lang='lat' dir='ltr'>ullo</span> <span class='ocrx_word' id='word_1_255' title='bbox 315 3311 462 3378; x_wconf 89' lang='lat' dir='ltr'>consilio</span> <span class='ocrx_word' id='word_1_256' title='bbox 486 3323 690 3397; x_wconf 88' lang='lat' dir='ltr'>usurpatum</span> <span class='ocrx_word' id='word_1_257' title='bbox 715 3323 776 3379; x_wconf 90' lang='lat' dir='ltr'>est.</span> <span class='ocrx_word' id='word_1_258' title='bbox 823 3314 894 3381; x_wconf 84' lang='lat' dir='ltr'>Sed</span> <span class='ocrx_word' id='word_1_259' title='bbox 917 3323 995 3380; x_wconf 93' lang='lat' dir='ltr'>utut</span> <span class='ocrx_word' id='word_1_260' title='bbox 1017 3315 1105 3379; x_wconf 95' lang='lat' dir='ltr'>haec</span> <span class='ocrx_word' id='word_1_261' title='bbox 1128 3334 1183 3378; x_wconf 91' lang='lat' dir='ltr'>res</span> <span class='ocrx_word' id='word_1_262' title='bbox 1205 3333 1243 3378; x_wconf 93' lang='lat' dir='ltr'>se</span> <span class='ocrx_word' id='word_1_263' title='bbox 1266 3314 1383 3393; x_wconf 89' lang='lat' dir='ltr'>habet,</span> <span class='ocrx_word' id='word_1_264' title='bbox 1406 3314 1451 3379; x_wconf 92' lang='lat' dir='ltr'>de</span> 
     </span>
     <span class='ocr_line' id='line_1_33' title="bbox 220 3412 1452 3506; baseline 0.004 -30"><span class='ocrx_word' id='word_1_265' title='bbox 220 3412 310 3479; x_wconf 90' lang='lat' dir='ltr'>iusta</span> <span class='ocrx_word' id='word_1_266' title='bbox 332 3413 510 3495; x_wconf 89' lang='lat' dir='ltr'>societate,</span> <span class='ocrx_word' id='word_1_267' title='bbox 537 3414 623 3500; x_wconf 89' lang='lat' dir='ltr'>quin</span> <span class='ocrx_word' id='word_1_268' title='bbox 645 3425 719 3506; x_wconf 88' lang='lat' dir='ltr'>tum</span> <span class='ocrx_word' id='word_1_269' title='bbox 741 3414 786 3481; x_wconf 88' lang='lat' dir='ltr'>sit</span> <span class='ocrx_word' id='word_1_270' title='bbox 807 3417 910 3496; x_wconf 86' lang='lat' dir='ltr'>facta,</span> <span class='ocrx_word' id='word_1_271' title='bbox 940 3438 1017 3482; x_wconf 89' lang='lat' dir='ltr'>earn</span> <span class='ocrx_word' id='word_1_272' title='bbox 1040 3416 1086 3481; x_wconf 93' lang='lat' dir='ltr'>ob</span> <span class='ocrx_word' id='word_1_273' title='bbox 1108 3436 1251 3480; x_wconf 83' lang='lat' dir='ltr'>causam</span> <span class='ocrx_word' id='word_1_274' title='bbox 1274 3436 1346 3479; x_wconf 91' lang='lat' dir='ltr'>non</span> <span class='ocrx_word' id='word_1_275' title='bbox 1369 3414 1452 3481; x_wconf 91' lang='lat' dir='ltr'>licet</span> 
     </span>
     <span class='ocr_line' id='line_1_34' title="bbox 219 3515 1450 3604; baseline 0.002 -24"><span class='ocrx_word' id='word_1_276' title='bbox 219 3515 389 3582; x_wconf 90' lang='lat' dir='ltr'>dubitare.</span> <span class='ocrx_word' id='word_1_277' title='bbox 436 3517 574 3583; x_wconf 90' lang='lat' dir='ltr'>Etenim</span> <span class='ocrx_word' id='word_1_278' title='bbox 596 3540 617 3583; x_wconf 92' lang='lat' dir='ltr'>a</span> <span class='ocrx_word' id='word_1_279' title='bbox 640 3516 747 3603; x_wconf 88' lang='lat' dir='ltr'>Lysia</span> <span class='ocrx_word' id='word_1_280' title='bbox 769 3518 790 3582; x_wconf 87' lang='lat' dir='ltr'>l.</span> <span class='ocrx_word' id='word_1_281' title='bbox 808 3519 829 3582; x_wconf 94' lang='lat' dir='ltr'>l.</span> <span class='ocrx_word' id='word_1_282' title='bbox 847 3517 907 3583; x_wconf 92' lang='lat' dir='ltr'>illa</span> <span class='ocrx_word' id='word_1_283' title='bbox 930 3516 1056 3604; x_wconf 89' lang='lat' dir='ltr'>pacti0,</span> <span class='ocrx_word' id='word_1_284' title='bbox 1080 3537 1173 3603; x_wconf 90' lang='lat' dir='ltr'>quae</span> <span class='ocrx_word' id='word_1_285' title='bbox 1195 3526 1277 3583; x_wconf 87' lang='lat' dir='ltr'>ante</span> <span class='ocrx_word' id='word_1_286' title='bbox 1293 3537 1450 3602; x_wconf 86' lang='lat' dir='ltr'>pugnam</span> 
     </span>
     <span class='ocr_line' id='line_1_35' title="bbox 219 3614 1450 3704; baseline 0 -21"><span class='ocrx_word' id='word_1_287' title='bbox 219 3618 264 3683; x_wconf 93' lang='lat' dir='ltr'>ad</span> <span class='ocrx_word' id='word_1_288' title='bbox 288 3617 487 3684; x_wconf 89' lang='lat' dir='ltr'>Haliartum</span> <span class='ocrx_word' id='word_1_289' title='bbox 510 3619 730 3686; x_wconf 90' lang='lat' dir='ltr'>commissam</span> <span class='ocrx_word' id='word_1_290' title='bbox 752 3622 846 3687; x_wconf 84' lang='lat' dir='ltr'>facta</span> <span class='ocrx_word' id='word_1_291' title='bbox 867 3631 951 3700; x_wconf 90' lang='lat' dir='ltr'>erat,</span> <span class='ocrx_word' id='word_1_292' title='bbox 982 3629 1102 3704; x_wconf 91' lang='lat' dir='ltr'>aperte</span> <span class='ocrx_word' id='word_1_293' title='bbox 1125 3614 1293 3702; x_wconf 85' lang='grc' dir='ltr'><strong><em>συμμαχία</em></strong></span> <span class='ocrx_word' id='word_1_294' title='bbox 1316 3641 1450 3685; x_wconf 93' lang='lat' dir='ltr'>nuncu·</span> 
     </span>
    </p>
   </div>
   <div class='ocr_carea' id='block_1_5' title="bbox 185 3837 1454 4424">
    <p class='ocr_par' dir='ltr' id='par_1_5' title="bbox 185 3837 1454 4424">
     <span class='ocr_line' id='line_1_36' title="bbox 185 3837 1452 3995; baseline 0.004 -23"><span class='ocrx_word' id='word_1_295' title='bbox 185 3971 188 3972; x_wconf 15' lang='lat'><em>⁷</em></span> <span class='ocrx_word' id='word_1_296' title='bbox 288 3839 332 3991; x_wconf 60' lang='lat' dir='ltr'>{di</span> <span class='ocrx_word' id='word_1_297' title='bbox 351 3837 594 3979; x_wconf 58' lang='lat' dir='ltr'>Illirldtexlrdudrgelm</span> <span class='ocrx_word' id='word_1_298' title='bbox 612 3927 744 3981; x_wconf 82' lang='lat' dir='ltr'>enarravit</span> <span class='ocrx_word' id='word_1_299' title='bbox 762 3927 868 3982; x_wconf 77' lang='lat' dir='ltr'>Curtius</span> <span class='ocrx_word' id='word_1_300' title='bbox 886 3926 903 3979; x_wconf 92' lang='lat' dir='ltr'>l.</span> <span class='ocrx_word' id='word_1_301' title='bbox 920 3925 935 3978; x_wconf 91' lang='lat' dir='ltr'>l</span> <span class='ocrx_word' id='word_1_302' title='bbox 954 3943 978 3995; x_wconf 90' lang='lat' dir='ltr'>p.</span> <span class='ocrx_word' id='word_1_303' title='bbox 997 3925 1047 3979; x_wconf 76' lang='lat'>170</span> <span class='ocrx_word' id='word_1_304' title='bbox 1066 3942 1111 3994; x_wconf 83' lang='lat' dir='ltr'>sq,</span> <span class='ocrx_word' id='word_1_305' title='bbox 1127 3942 1152 3994; x_wconf 92' lang='lat' dir='ltr'>p.</span> <span class='ocrx_word' id='word_1_306' title='bbox 1167 3926 1223 3980; x_wconf 77' lang='lat'>175.</span> <span class='ocrx_word' id='word_1_307' title='bbox 1258 3923 1452 3995; x_wconf 88' lang='lat' dir='ltr'>Improbandae</span> 
     </span>
     <span class='ocr_line' id='line_1_37' title="bbox 219 4008 1452 4067; baseline 0 -5"><span class='ocrx_word' id='word_1_308' title='bbox 219 4010 342 4064; x_wconf 87' lang='lat' dir='ltr'>videntur</span> <span class='ocrx_word' id='word_1_309' title='bbox 360 4010 471 4064; x_wconf 86' lang='lat' dir='ltr'>aliorum</span> <span class='ocrx_word' id='word_1_310' title='bbox 489 4011 638 4065; x_wconf 83' lang='lat' dir='ltr'>sententiae</span> <span class='ocrx_word' id='word_1_311' title='bbox 656 4015 687 4066; x_wconf 85' lang='lat' dir='ltr'>ut</span> <span class='ocrx_word' id='word_1_312' title='bbox 705 4012 828 4067; x_wconf 84' lang='lat' dir='ltr'>Sieveraii</span> <span class='ocrx_word' id='word_1_313' title='bbox 845 4012 872 4066; x_wconf 89' lang='lat' dir='ltr'>in</span> <span class='ocrx_word' id='word_1_314' title='bbox 889 4011 1001 4066; x_wconf 85' lang='lat' dir='ltr'>historia</span> <span class='ocrx_word' id='word_1_315' title='bbox 1020 4011 1148 4066; x_wconf 81' lang='lat' dir='ltr'>Graeciae</span> <span class='ocrx_word' id='word_1_316' title='bbox 1165 4011 1226 4066; x_wconf 88' lang='lat' dir='ltr'>inde</span> <span class='ocrx_word' id='word_1_317' title='bbox 1245 4010 1279 4065; x_wconf 87' lang='lat' dir='ltr'>ab</span> <span class='ocrx_word' id='word_1_318' title='bbox 1298 4011 1369 4065; x_wconf 86' lang='lat' dir='ltr'>exitu</span> <span class='ocrx_word' id='word_1_319' title='bbox 1386 4008 1452 4063; x_wconf 91' lang='lat' dir='ltr'>belli</span> 
     </span>
     <span class='ocr_line' id='line_1_38' title="bbox 220 4094 1453 4174; baseline 0 -26"><span class='ocrx_word' id='word_1_320' title='bbox 220 4095 438 4165; x_wconf 78' lang='lat' dir='ltr'>Peloponnesiaci</span> <span class='ocrx_word' id='word_1_321' title='bbox 454 4113 479 4166; x_wconf 87' lang='lat' dir='ltr'>p.</span> <span class='ocrx_word' id='word_1_322' title='bbox 497 4096 537 4161; x_wconf 86' lang='grc'>63,</span> <span class='ocrx_word' id='word_1_323' title='bbox 554 4114 579 4167; x_wconf 89' lang='lat' dir='ltr'>p.</span> <span class='ocrx_word' id='word_1_324' title='bbox 597 4097 638 4162; x_wconf 82' lang='lat'>65,</span> <span class='ocrx_word' id='word_1_325' title='bbox 673 4098 760 4153; x_wconf 84' lang='lat' dir='ltr'>Grotii</span> <span class='ocrx_word' id='word_1_326' title='bbox 783 4099 811 4151; x_wconf 88' lang='lat' dir='ltr'>in</span> <span class='ocrx_word' id='word_1_327' title='bbox 836 4097 947 4153; x_wconf 84' lang='lat' dir='ltr'>historia</span> <span class='ocrx_word' id='word_1_328' title='bbox 972 4098 1100 4153; x_wconf 82' lang='lat' dir='ltr'>Graeciae</span> <span class='ocrx_word' id='word_1_329' title='bbox 1125 4098 1236 4151; x_wconf 80' lang='lat' dir='ltr'>version</span> <span class='ocrx_word' id='word_1_330' title='bbox 1259 4111 1362 4174; x_wconf 82' lang='lat' dir='ltr'>vernae.</span> <span class='ocrx_word' id='word_1_331' title='bbox 1390 4094 1453 4149; x_wconf 77' lang='lat' dir='ltr'>edit.</span> 
     </span>
     <span class='ocr_line' id='line_1_39' title="bbox 219 4180 1454 4320; baseline 0 -86"><span class='ocrx_word' id='word_1_332' title='bbox 219 4181 376 4320; x_wconf 56' lang='grc' dir='ltr'>ριίρέ4ηολ</span> <span class='ocrx_word' id='word_1_333' title='bbox 393 4182 425 4248; x_wconf 87' lang='lat' dir='ltr'>V,</span> <span class='ocrx_word' id='word_1_334' title='bbox 447 4199 470 4252; x_wconf 91' lang='lat' dir='ltr'>p.</span> <span class='ocrx_word' id='word_1_335' title='bbox 490 4181 547 4248; x_wconf 77' lang='lat'>234,</span> <span class='ocrx_word' id='word_1_336' title='bbox 572 4200 597 4252; x_wconf 90' lang='lat' dir='ltr'>p.</span> <span class='ocrx_word' id='word_1_337' title='bbox 615 4183 672 4249; x_wconf 83' lang='lat'>241,</span> <span class='ocrx_word' id='word_1_338' title='bbox 696 4183 865 4252; x_wconf 81' lang='lat' dir='ltr'>Hertabergii</span> <span class='ocrx_word' id='word_1_339' title='bbox 882 4183 910 4238; x_wconf 91' lang='lat' dir='ltr'>in</span> <span class='ocrx_word' id='word_1_340' title='bbox 927 4184 1039 4239; x_wconf 86' lang='lat' dir='ltr'>historia</span> <span class='ocrx_word' id='word_1_341' title='bbox 1057 4182 1185 4238; x_wconf 82' lang='lat' dir='ltr'>Graeciae</span> <span class='ocrx_word' id='word_1_342' title='bbox 1203 4185 1231 4237; x_wconf 89' lang='lat' dir='ltr'>et</span> <span class='ocrx_word' id='word_1_343' title='bbox 1246 4182 1346 4236; x_wconf 85' lang='lat' dir='ltr'>Romae</span> <span class='ocrx_word' id='word_1_344' title='bbox 1364 4180 1415 4235; x_wconf 78' lang='lat' dir='ltr'>vol.</span> <span class='ocrx_word' id='word_1_345' title='bbox 1433 4180 1454 4245; x_wconf 82' lang='lat' dir='ltr'>I,</span> 
     </span>
     <span class='ocr_line' id='line_1_40' title="bbox 220 4283 743 4424; baseline 0.004 -17"><span class='ocrx_word' id='word_1_346' title='bbox 220 4283 245 4335; x_wconf 50' lang='grc' dir='ltr'><strong>μ</strong></span> <span class='ocrx_word' id='word_1_347' title='bbox 289 4284 367 4423; x_wconf 59' lang='lat' dir='ltr'>aad</span> <span class='ocrx_word' id='word_1_348' title='bbox 378 4354 416 4409; x_wconf 81' lang='lat' dir='ltr'>cr.</span> <span class='ocrx_word' id='word_1_349' title='bbox 435 4356 555 4411; x_wconf 70' lang='lat' dir='ltr'>crorum</span> <span class='ocrx_word' id='word_1_350' title='bbox 573 4356 590 4410; x_wconf 80' lang='lat' dir='ltr'>r</span> <span class='ocrx_word' id='word_1_351' title='bbox 607 4355 624 4408; x_wconf 91' lang='lat'>1.</span> <span class='ocrx_word' id='word_1_352' title='bbox 642 4373 667 4424; x_wconf 80' lang='lat' dir='ltr'>p.</span> <span class='ocrx_word' id='word_1_353' title='bbox 686 4354 743 4409; x_wconf 77' lang='lat' dir='ltr'>aaa.</span> 
     </span>
    </p>
   </div>
   <div class='ocr_carea' id='block_1_6' title="bbox 0 0 1636 4867">
    <p class='ocr_par' dir='ltr' id='par_1_6' title="bbox 0 0 1636 4867">
     <span class='ocr_line' id='line_1_41' title="bbox 0 0 1636 4867; baseline 0 0"><span class='ocrx_word' id='word_1_354' title='bbox 0 0 1636 4867; x_wconf 95' lang='lat' dir='ltr'> </span> 
     </span>
    </p>
   </div>
  </div>
 </body>
</html>
