3242 4867
712 112 925 180 ..28-

199 291 247 362 ita
269 318 451 382 nunquam
474 310 614 384 praeter
635 298 880 368 necessitatem
903 299 1001 368 hisce
1024 302 1129 369 rebus
1151 299 1344 370 levioribus
1359 303 1436 370 sati-

198 399 298 485 gavit
319 412 556 485 spectatorum
579 402 724 485 animos,
757 414 795 470 ut
818 426 924 489 quam
947 403 1141 472 rectissima
1163 405 1221 471 via
1242 406 1369 474 solitus
1390 407 1437 474 sit
1480 489 1482 493 Ι

199 504 244 569 ad
275 502 409 569 maiora
439 505 600 586 tendere,
633 516 693 572 aut
722 505 752 572 si
783 508 874 573 forte
904 507 1011 592 paulo
1039 505 1172 574 diutius
1195 507 1345 575 detineri
1367 508 1434 576 sihi

198 603 408 671 videbantur
431 607 686 690 Athenienses,
719 630 836 675 rerum
868 608 1054 676 consilium
1077 620 1112 676 et
1134 610 1343 677 sententiam
1367 611 1437 678 illis

197 708 336 795 aperuit
351 711 411 793 Η).
451 710 574 796 ltaque
589 734 802 798 quamquam
819 713 899 798 plus
914 713 1022 779 semel
1038 713 1208 799 prologos
1224 713 1436 800 Euripideos

197 810 322 877 habuit
344 811 496 879 ludibrio
519 814 616 892 velut
638 814 675 880 in
695 816 851 882 Acharn.
868 839 923 881 vv.
940 830 984 898 47
999 839 1086 901 sqq.,
1111 816 1245 883 Eccles.
1262 840 1293 882 v.
1314 834 1327 882 1
1346 840 1435 904 sqq.,

197 926 314 981 tamen
337 914 406 982 illis
429 915 515 1002 ipsis
538 917 625 984 locis
642 917 847 1005 Euripidem
870 941 942 985 non
964 919 1078 985 solum
1102 917 1182 986 ideo
1198 930 1251 986 est
1269 918 1436 1002 imitatus,

197 1029 236 1084 ut
258 1040 339 1084 eum
362 1030 532 1105 carperet,
555 1021 618 1087 sed
641 1020 745 1087 etiam
768 1043 810 1087 ea
834 1022 878 1087 de
899 1043 1016 1102 causa,
1040 1032 1079 1086 ut
1094 1019 1170 1107 ipse
1185 1044 1328 1107 quoque
1345 1022 1437 1090 eius·

198 1119 294 1186 modi
322 1121 553 1207 prologorum
577 1122 726 1190 utilitate
748 1135 784 1191 et
806 1122 1055 1191 commoditate
1078 1126 1316 1210 perfrueretur
1338 1148 1438 1211 spec·

81 1240 84 1247 ·
197 1234 399 1310 tatoresque
427 1224 564 1293 facilius
595 1237 630 1292 et
653 1227 802 1295 celerius
826 1249 868 1294 ea
891 1228 1072 1308 edoceret,
1104 1248 1196 1312 quae
1219 1228 1264 1293 ad
1287 1250 1360 1294 rem
1384 1228 1434 1294 in·

197 1326 434 1413 tellegendam
457 1352 547 1414 opus
570 1341 678 1395 erant.
725 1330 830 1397 Adde
853 1331 950 1417 quod
973 1340 1165 1416 praeterea,
1188 1353 1260 1416 quo
1276 1330 1433 1399 velocius

196 1431 242 1495 ad
266 1452 339 1496 rem
362 1430 474 1517 ipsam
497 1431 707 1517 perveniret,
731 1445 837 1519 poeta
859 1455 932 1499 non
950 1444 1002 1500 est
1017 1432 1231 1519 dedignatus
1247 1455 1434 1501 causarum

195 1532 416 1600 narrationes
445 1556 541 1600 more
572 1534 830 1621 Euripide01³)
861 1535 1104 1622 interpositas,
1135 1545 1173 1601 ut
1196 1536 1351 1603 Acham.
1376 1561 1433 1603 vv,

200 1651 238 1716 17
262 1659 348 1722 sqq.,
373 1639 437 1723 Eq.
461 1661 516 1702 vv.
540 1655 587 1720 40
608 1660 695 1724 sqq.,
721 1640 828 1725 Vesp.
853 1663 907 1704 vv.
930 1654 973 1722 54
996 1662 1083 1725 sqq.,
1109 1640 1190 1705 Pae.
1213 1662 1268 1704 vv.
1294 1654 1337 1722 50
1356 1663 1434 1726 sqq.

197 1738 271 1803 Iam
298 1742 472 1807 concedes
496 1740 628 1826 ubique
651 1740 901 1827 Aristophanis
925 1740 1143 1827 deprehendi
1167 1741 1363 1823 consilium,
1396 1753 1436 1808 ut
1490 1745 1494 1748 ’

196 1863 253 1908 res
283 1843 327 1907 ad
359 1842 531 1928 privatam
564 1843 671 1909 vitam
704 1844 920 1930 pertinentes
951 1854 990 1909 ut
1014 1842 1188 1910 inferioris
1211 1844 1353 1929 generis
1377 1867 1434 1911 ex-

198 1955 382 2030 superaret
405 1968 510 2031 quam
535 1944 711 2013 citissime.

284 2067 328 2130 Et
349 2065 380 2131 si
401 2076 542 2150 spectas
566 2066 701 2148 locum,
737 2066 841 2133 facile
864 2088 1062 2153 cognosces
1086 2065 1237 2133 inveniri
1261 2065 1434 2134 eiusmodi

196 2189 252 2234 res
275 2167 424 2234 maxime
448 2167 484 2234 in
501 2168 623 2255 primis
643 2170 874 2256 prologorum
890 2169 1058 2257 partibus,
1083 2169 1288 2256 priusquam
1305 2172 1435 2236 chorus

195 2271 350 2336 adventu
377 2293 442 2337 suo
474 2271 524 2337 rei
555 2271 735 2338 etiamtum
765 2272 945 2339 humiliori
976 2271 1112 2338 addidit
1144 2271 1288 2358 spiritus
1319 2272 1433 2339 iacen-

196 2384 337 2458 temque
368 2373 532 2441 excitavit
566 2386 600 2442 et
634 2374 744 2441 erexit
775 2376 820 2441 ad
849 2375 1066 2461 dignitatem.
1113 2376 1220 2459 Quod
1243 2374 1435 2443 maiestatis

195 2474 376 2560 fastigium
407 2500 620 2563 quamquam
650 2478 827 2545 interdum
850 2477 947 2543 utin
971 2477 1165 2564 Lysistrata
1188 2489 1223 2543 et
1245 2478 1433 2563 Equitibus

195 2577 365 2645 retinetur
395 2602 458 2665 per
487 2580 594 2647 totius
616 2580 759 2647 fabulae
781 2582 979 2662 decursum,
1011 2590 1128 2646 tamen
1150 2578 1292 2666 saepius
1316 2581 1363 2661 fit,
1396 2593 1434 2647 ut

197 2680 279 2747 inde
302 2705 323 2747 a
346 2683 510 2768 parabasi
533 2694 675 2769 peracta
695 2683 884 2750 inclinetur
899 2682 1097 2769 argumenti
1113 2693 1248 2748 natura.
1295 2682 1434 2750 Etenim

196 2784 361 2867 consilio,
395 2787 439 2851 de
465 2809 536 2871 quo
560 2788 776 2868 certabatur,
807 2788 852 2852 ab
876 2785 1086 2853 adversariis
1110 2786 1179 2851 iam
1203 2788 1352 2872 probato
1376 2786 1432 2853 vel

197 2908 235 2953 re
265 2887 342 2973 ipsa
373 2899 410 2955 ut
441 2888 477 2954 in
501 2889 604 2956 Pacis
627 2890 747 2955 fabula
769 2892 861 2957 bene
884 2891 1049 2976 perfecta,
1080 2888 1164 2975 quia
1187 2888 1306 2956 deficit
1328 2889 1434 2955 ardor

196 3000 231 3057 et
254 2991 443 3073 contentio,
467 2992 653 3059 remittitur
675 2992 780 3059 etiam
803 2992 1002 3078 argumenti
1024 2991 1189 3079 gravitas.
1237 2993 1360 3077 Itaque
1376 3014 1433 3057 ex·

196 3087 315 3161 tremis
350 3095 385 3160 in
416 3095 574 3181 partibus
598 3119 618 3161 a
641 3119 747 3163 cursu
770 3095 929 3162 instituto
951 3096 1094 3182 saepius
1117 3093 1272 3162 deflectit
1294 3116 1433 3161 comoe-

196 3196 255 3263 dia
285 3197 507 3284 reditumque
538 3199 657 3285 aliquo
689 3199 794 3265 modo
825 3197 909 3265 facit
940 3200 985 3263 ad
1009 3197 1155 3263 initium.
1202 3195 1340 3263 Etenim
1364 3196 1435 3263 iam

196 3299 400 3366 dissolvitur
422 3300 514 3367 actio
538 3301 574 3367 in
597 3301 798 3387 complures
821 3300 1005 3386 imagines,
1029 3310 1067 3365 ut
1089 3299 1137 3365 ita
1153 3298 1279 3380 dicam,
1303 3298 1433 3384 quibus

196 3401 409 3484 ostenditur,
441 3405 620 3488 quomodo
651 3402 736 3485 illis,
769 3425 861 3488 quae
889 3414 972 3469 sunt
994 3401 1183 3469 constituta
1206 3412 1241 3468 et
1264 3400 1434 3484 instituta,

196 3503 330 3588 singuli
361 3503 456 3572 cives
480 3504 607 3591 privati
629 3505 826 3572 afficiantur
850 3507 906 3587 (cf.
933 3504 1035 3572 Pacis
1059 3515 1093 3571 et
1116 3504 1247 3570 Avium
1269 3504 1433 3589 fabulas).

269 3760 312 3828 12)
329 3759 411 3815 Velut
427 3759 489 3814 Pac.
506 3777 548 3814 vv.
568 3760 601 3816 43
620 3775 679 3831 sqq.

271 3845 313 3912 13)
333 3845 407 3912 Quae
432 3846 645 3902 narratiunculae
670 3848 720 3902 etsi
745 3849 774 3902 in
790 3847 983 3917 posterioribus
1001 3846 1098 3902 fabulis
1117 3847 1180 3900 sunt
1197 3845 1320 3910 evitatae,
1343 3848 1437 3900 tamen

196 3949 251 3988 non
269 3931 427 4001 crediderim
445 3931 514 3987 hanc
532 3949 588 3986 rem
606 3950 664 3987 esse
682 3933 715 3989 ab
730 3933 909 4003 Aristophane
920 3935 1066 3988 correctam
1079 3933 1211 3988 commoto
1224 3930 1436 3985 obtrectatorum

197 4017 433 4088 castigationibus,
459 4018 504 4087 qui
524 4035 584 4072 eum
602 4019 735 4089 Euripidis
755 4022 783 4074 et
800 4019 932 4073 irrisorem
951 4021 979 4073 et
997 4018 1160 4072 imitatorem
1178 4015 1372 4071 cavillabantur
1389 4015 1435 4083 (cf.

169 4164 172 4171 ,
198 4104 280 4160 schol.
305 4104 410 4158 Platon.
436 4104 546 4159 Becker.
574 4104 631 4170 330,
656 4104 824 4174 Cratinfrg.
843 4103 1201 4168 attramentarium
1226 4101 1362 4169 Aristoph.
1382 4100 1434 4171 frg.

195 4192 261 4256 4713
279 4191 377 4258 Bergk.
396 4190 521 4259 Prolegg.
541 4190 574 4243 de
592 4191 711 4245 comoed.
726 4192 776 4246 III.
798 4191 850 4260 12).
887 4191 932 4244 Illi
950 4190 1020 4245 euim
1036 4190 1159 4244 videntur
1170 4189 1259 4258 potius
1272 4188 1328 4241 eius
1340 4187 1436 4242 levita·

195 4279 251 4331 tem
275 4278 303 4331 in
329 4277 440 4346 argutiis
462 4274 614 4346 sophisticis
632 4277 816 4346 expromendis
834 4277 1014 4345 vituperasse,
1041 4275 1137 4346 quibus
1154 4274 1239 4329 utitur
1256 4272 1391 4328 interdum
1406 4271 1436 4327 in

196 4363 327 4433 agonibus
353 4363 396 4417 vel
419 4363 443 4417 si
460 4362 519 4418 aliis
537 4361 603 4416 locis
621 4362 734 4417 alterum
750 4362 816 4418 fecit
833 4363 946 4418 alterum
965 4362 998 4417 de
1016 4362 1152 4433 aliquare
1170 4360 1319 4417 accuratius
1337 4358 1437 4414 instru-

196 4450 292 4503 entem

713 4656 729 4689 δ
849 4646 851 4648 ,
