3242 4867
714 208 755 217 ..
802 172 929 253 14'..

205 355 351 443 delapsi,
367 356 452 424 satis
467 359 638 425 habemus
654 379 698 424 ex
711 358 840 444 Lysiae
852 357 1071 425 orationibus
1084 368 1311 444 compertum.
1336 359 1443 425 Com·

206 481 361 526 memoro
384 459 489 541 illam,
518 482 610 546 quae
633 460 791 546 aequalis
814 462 888 527 fere
910 460 1051 527 fabulae
1073 471 1214 527 nostrae
1239 462 1282 527 de
1305 461 1442 527 Aristo-

205 561 345 646 phanis*
363 584 401 626 re
431 562 594 628 familiari
625 574 677 630 est
706 563 835 629 habita,
891 562 962 630 Ubi
991 574 1111 648 aperte
1141 562 1309 648 leguntur
1332 565 1441 651 haec:

204 662 351 743 χαλεπόν
373 662 433 747 μὲν
455 656 518 744 οῦν,
543 657 569 729 ὦ
592 661 706 753 άνδρες
728 661 892 742 δικασταί,
915 658 1158 749 άπολογεῖσδαι
1186 664 1270 749 πρὸς
1288 656 1442 753 δόξανῦην

205 761 286 831 ἔνιοι
309 761 417 846 ἔχουσι
441 765 516 850 περὶ
534 770 592 856 τῆς
607 764 802 855 Νικοφήμου
817 761 939 847 οίσίας,
962 766 1033 832 καί
1056 788 1077 831 σ
1088 763 1147 832 πά
1153 793 1219 832 νιν
1241 761 1442 853 ἀργυρίου

202 857 223 954 ἢ
251 872 320 933 νῦν
350 867 467 935 ε’στιν
496 868 539 935 ἐν
569 874 616 958 τῇ
640 866 782 952 πόλει,
805 868 941 938 καὶτοῦ
963 864 1091 954 ἀγῶνος
1115 868 1200 958 πρδς
1223 869 1261 935 τδ
1283 868 1442 957 δημόσιον

205 966 313 1047 όντος·
344 973 400 1054 (cf.
433 983 517 1038 orat.
543 974 648 1055 XIX,
683 976 743 1057 11).
799 975 873 1039 lam
908 974 953 1039 ad
985 983 1101 1040 tantas
1130 972 1312 1059 angustias
1344 973 1440 1040 cives

207 1085 307 1140 erant
322 1074 464 1156 redacti,
481 1086 519 1141 ut
535 1097 642 1161 aegre
658 1075 875 1162 pensitarent
889 1076 1068 1142 tributum.
1093 1075 1205 1142 Cuius
1221 1075 1272 1141 rei
1288 1076 1441 1141 eundem

145 1208 149 1215 ·
205 1177 350 1268 Lysiam
369 1179 541 1245 habemus
563 1189 688 1246 testem
711 1179 747 1244 in
770 1178 989 1245 orationibus
1012 1178 1081 1245 illis
1106 1189 1227 1244 contra
1249 1178 1439 1263 Ergoclem

205 1289 240 1344 et
271 1280 507 1346 Philocratem
538 1281 662 1347 eodem
693 1283 766 1347 fere
795 1292 952 1367 tempore
985 1274 1204 1367 conscriptis
1267 1281 1320 1346 Cf.
1354 1292 1439 1346 orat.

205 1381 374 1464 XXVIII,
398 1400 435 1464 3:
458 1381 516 1448 καί
538 1381 599 1469 γάρ
622 1380 662 1470 δὴ
677 1381 782 1448 δεινὸν
804 1377 845 1448 liv
867 1378 926 1470 εἴη,
949 1379 978 1449 εἰ
1000 1387 1056 1447 νῦν
1077 1382 1138 1467 μὲν
1160 1377 1294 1459 οῦτως
1316 1376 1441 1447 αὐτοὶ

205 1478 459 1568 πιεζόμενοι
491 1488 589 1561 ταῖς
623 1482 851 1572 εἰσφοραῖς
881 1482 1068 1572 συγγνώμην
1090 1489 1162 1562 τοῖς
1183 1483 1361 1550 κλέπτουσι
1384 1483 1442 1549 καὶ

203 1589 275 1663 τοῖς
305 1585 545 1670 δωροδοκοῦσιν
575 1583 696 1669 έχοιτε,
728 1588 762 1653 ἒν
785 1587 822 1653 δὲ
844 1591 891 1674 τηῦ
914 1587 996 1666 τέως
1016 1585 1138 1674 χρόνῳ,
1170 1586 1314 1652 καὶτῶν
1336 1582 1437 1651 οἴκων

204 1689 269 1753 τῶν
298 1685 462 1776 ὑμετέρων
490 1687 640 1774 μεγάλων
663 1685 765 1755 όντων
786 1689 843 1755 καί
866 1694 931 1756 τῶν
954 1687 1118 1777 δημοσίων
1142 1687 1316 1775 προσόδων
1337 1685 1439 1774 μεγά-

203 1791 270 1855 λων
300 1785 420 1873 οὐσῶν,
451 1789 588 1877 θανάτῳ
617 1790 786 1872 ἐκολάζετε
809 1792 885 1870 τοῦς
907 1794 972 1857 τῶν
994 1789 1159 1877 δμετέρων
1182 1790 1457 1876 ἐπιθυμοῦντας,

206 1905 241 1960 et
264 1906 349 1961 orat.
374 1896 506 1961 XXIX.
530 1915 571 1980 9:
593 1893 650 1960 καί
671 1895 732 1981 γάρ
755 1895 795 1983 δὴ
817 1896 923 1961 δεινὸν
945 1890 984 1960 δν
1005 1890 1064 1981 εἴη,
1088 1886 1114 1959 ὦ
1135 1890 1252 1981 άνδρες
1274 1891 1439 1975 δικασταί,

203 1993 232 2062 εἰ
255 2001 349 2074 τοῖς
370 1997 444 2080 μὲν
465 1996 516 2081 μδ
540 1996 796 2082 δυναμένοις
817 1999 866 2063 τά
890 1992 1051 2085 σφέτερ’
1069 1991 1439 2083 αῦτῶνείςφέρειν

203 2094 455 2185 ὀργίζοισθε
484 2099 648 2177 καὶτὰς
670 2094 822 2178 οὐσίας
843 2095 982 2166 αὐτῶν
1004 2096 1059 2177 ὡς
1080 2094 1348 2166 ἀδικούντων
1370 2100 1433 2186 δη-

203 2198 393 2286 μεύοιτε,
435 2201 511 2279 τοῦς
541 2200 577 2267 δὲ
607 2202 648 2267 τά
676 2198 815 2292 ὑμέτερα
845 2198 951 2270 αῦτιῦν
982 2200 1116 2284 ἔχοντας
1147 2201 1192 2291 μὴ
1221 2205 1436 2287 τιμωροῖσθε.

204 2305 297 2371 Vide
336 2316 518 2391 praeterea
549 2305 745 2373 orationem
779 2307 902 2393 paucis
934 2307 1037 2374 annis
1066 2318 1148 2373 ante
1180 2317 1301 2373 contra
1332 2305 1437 2372 Nico-

181 2409 366 2475 machum
394 2407 568 2490 habitam,
601 2408 663 2475 ubi
685 2421 757 2476 est:
788 2403 865 2497 παρ’
890 2406 1028 2474 ἕκαστον
1050 2407 1087 2474 δὲ
1109 2409 1166 2473 τδν
1188 2406 1333 2473 ένιαιτδν
1356 2406 1435 2472 έπε-

201 2507 328 2595 χείρησε
359 2506 396 2591 (ἐξ
429 2508 603 2588 ταλάντοις
624 2509 680 2598 τὴν
703 2508 801 2576 πόλιν
825 2511 1001 2598 ζημιῶσαι,
1034 2511 1213 2577 καὶταῦτα
1236 2505 1320 2598 δρῶν
1343 2504 1439 2596 αὐτὴν

203 2605 393 2696 ἀποροῦσαν
420 2610 594 2700 χρημάτων
624 2612 681 2678 καί
703 2611 993 2698 Λακεδαιμονίους
1021 2613 1082 2698 μὲν
1111 2608 1335 2692 ἀπειλοῦντας,
1358 2606 1437 2677 όταν

204 2712 249 2838 μη
272 2708 531 2801 ἀποπέμψωμεν
553 2711 665 2793 αὐτοῖς
687 2716 728 2780 τά
749 2714 823 2804 χρήγ
823 2741 915 2798 ιατα,
949 2716 1114 2794 Βοιωτοδς
1136 2716 1173 2782 δε
1195 2713 1295 2792 σύλας
1319 2738 1434 2780 ποιου-

200 2816 327 2901 μένους,
352 2813 402 2882 ὅτι
419 2843 456 2883 ου
445 2812 643 2906 δυνάμεθα
658 2818 717 2884 δύο
732 2816 876 2884 τάλαντα
892 2813 1084 2900 άποδοῦναι,
1101 2819 1177 2897 τοῦς
1192 2818 1229 2884 δὲ
1244 2815 1435 2912 νεωσοίκους

201 2917 258 2983 καὶ
279 2919 320 2984 τά
342 2917 427 3006 τείχη
451 2920 758 3010 περικαταρρέοντα
781 2919 877 2999 εἰδώς
902 2918 980 2987 δὲ’
961 2947 1011 2987 οτι
1034 2949 1054 3010 r
1039 2918 1208 3010 βουλον
1230 2905 1436 3005 βουλεύουσα,

202 3015 283 3087 όταν
304 3021 364 3108 μέν
386 3019 441 3111 έχη
466 3021 560 3090 ίκανά
580 3049 729 3113 χρηματα
744 3022 792 3102 εἷς
807 3023 912 3112 διοικν
914 3047 975 3105 σιν
1000 2957 1093 3092 ουδὲν
1108 3021 1335 3112 ἐξαμαρτάνει,
1357 3018 1437 3089 ὅταν

203 3122 299 3190 δέ
271 3150 319 3203 εις
351 3119 495 3213 άπορίαν
526 3132 687 3217 καταστῇ,
722 3122 939 3213 ἀναγκάζεται
972 3126 1176 3213 εἰσαγγελίας
1204 3126 1358 3208 δέχεσθαι
1381 3124 1438 3190 καί

204 3226 350 3315 δημεύειν
379 3229 419 3295 τά
449 3233 514 3295 τῶν
542 3231 688 3296 πολιτῶν
718 3230 775 3297 καὶ
804 3236 870 3297 τῶν
901 3229 1043 3317 ῥητόρων
1070 3236 1142 3308 τοῖς
1167 3230 1208 3295 τά
1232 3225 1437 3317 πονηρότατα

130 3394 132 3398 ,
202 3329 331 3414 λέγουσι
353 3329 540 3399 πείθεσθαι
564 3335 663 3417 (orat
688 3337 802 3416 XXX,
828 3337 892 3418 22).

154 3467 156 3470 ·
288 3435 358 3502 Sed
391 3437 475 3522 quid
507 3436 668 3523 pluribus
691 3460 780 3523 opus
804 3448 874 3518 est,
909 3437 1077 3523 quoniam
1107 3459 1149 3503 ex
1171 3448 1291 3504 nostra
1314 3434 1434 3501 fabula

202 3536 279 3623 ipsa
302 3537 571 3605 Atheniensium
603 3538 824 3606 difficultates
855 3540 1065 3606 domesticas
1097 3539 1228 3625 optime
1251 3536 1435 3624 cognosci·

202 3641 299 3706 mus?
340 3641 502 3726 Namque
535 3641 642 3708 totius
672 3641 877 3709 comoediae
899 3644 965 3709 sub
989 3664 1060 3707 uno
1084 3651 1275 3727 conspectu
1298 3639 1435 3726 positae

202 3741 388 3808 consilium
411 3741 441 3808 si
462 3753 662 3827 spectamus
685 3766 801 3830 neque
825 3765 1028 3811 exercemus
1045 3743 1286 3810 cavillationes
1302 3743 1346 3808 de
1362 3764 1433 3807 uno

202 3845 357 3911 alterove
382 3855 571 3931 praecepto
596 3846 639 3912 de
663 3846 778 3912 medio
802 3848 971 3932 abrupt0,
1005 3869 1075 3932 qua
1099 3848 1143 3912 de
1166 3868 1203 3912 re
1227 3845 1344 3931 agitur
1366 3843 1435 3910 nisi

202 3948 246 4013 de
274 3946 388 4014 salute
418 3946 469 4013 rei
492 3946 655 4033 publicae
678 3947 905 4034 pristinisque
928 3947 1059 4014 divitiis
1082 3947 1329 4015 restituendis?
1374 3945 1435 4012 Vi·

202 4050 324 4116 demus
347 4072 518 4116 summam
541 4048 679 4136 imperii
702 4048 830 4116 deferri
852 4050 897 4114 ad
921 4048 1095 4131 mulieres,
1119 4060 1154 4116 et
1169 4071 1274 4135 quam
1291 4050 1336 4115 ob
1353 4070 1434 4115 cau-

202 4175 276 4218 sam
306 4153 351 4217 ad
382 4152 476 4238 ipsas
507 4153 693 4219 mulieres?
737 4151 784 4218 Ni
806 4151 927 4232 fallor,
957 4151 1040 4237 quia
1063 4152 1100 4217 in
1123 4152 1264 4219 civitate
1287 4149 1433 4217 Atheni·

201 4254 338 4322 ensium
368 4277 423 4322 res
454 4267 530 4321 erat
552 4277 594 4322 eo
618 4256 786 4334 deducta,
817 4265 855 4320 ut
877 4253 1032 4320 virorum
1055 4254 1188 4340 viribus
1212 4252 1433 4338 respublica

201 4357 259 4423 vix
288 4357 467 4424 videretur
496 4380 517 4423 e
546 4357 646 4424 malis
670 4378 851 4442 emergere
874 4379 987 4443 posse.
1033 4358 1105 4441 Qui
1128 4358 1197 4423 iam
1220 4355 1433 4442 praecipites

200 4461 403 4527 ferebantur
431 4459 584 4526 amentia
607 4460 711 4526 modo
735 4461 828 4527 hanc
851 4461 956 4526 modo
980 4459 1074 4524 illam
1097 4459 1268 4527 rationem
1291 4458 1327 4523 in
1351 4479 1433 4525 eon·
