3242 4867
692 61 906 110 ..10-

188 255 243 302 res
275 232 423 299 Goetzio
455 255 527 299 non
558 232 606 299 ita
637 233 728 300 bene
760 231 874 299 cessit.
934 232 1133 299 Oblocutus
1160 243 1213 299 est
1245 233 1422 301 Velsenus

187 357 303 421 neque
326 334 463 416 iniuria,
494 346 532 401 ut
555 334 641 400 mihi
664 334 806 420 quidem
830 334 978 401 videtur.
1025 334 1135 401 Facili
1157 335 1252 401 enim
1274 335 1421 421 negotio

188 436 282 503 illius
305 448 514 523 argumenta
537 437 585 504 ita
607 436 771 504 refutavit
792 447 828 503 et
851 436 1004 523 infregit,
1028 447 1066 503 ut
1088 459 1180 523 quae
1204 437 1273 505 illis
1296 437 1421 504 innite-

187 541 290 605 batur
319 539 510 622 sententia‚
542 563 621 607 meo
644 539 787 626 quidem
811 539 943 608 iudicio
966 550 1110 627 propter
1133 541 1326 608 Velsenum
1348 563 1422 607 non

188 640 257 707 iam
287 642 398 728 possit
427 653 528 710 stare.
575 644 694 729 Atque
724 664 804 709 cum
828 642 996 709 Goetzius
1026 666 1047 709 a
1076 643 1213 710 scholio
1244 643 1305 710 illo
1329 655 1422 711 esset

188 746 375 829 profectus
400 756 437 811 ut
460 744 493 812 ei
509 744 758 831 Aristophanis
781 744 893 830 ipsius
916 746 1024 811 verba
1047 744 1158 812 libero
1181 767 1298 831 neque
1321 768 1420 832 prae·

187 857 360 933 occupato
383 846 515 914 iudicio
539 847 760 933 interpretari
781 869 855 913 non
869 846 1000 928 liceret,
1024 846 1083 913 ille
1098 846 1311 915 scholiastae
1325 843 1420 916 testi·

187 949 305 1016 monio
337 949 413 1016 iure
436 949 655 1036 posthabito,
686 971 731 1015 ne
754 948 869 1023 dicam
891 949 997 1035 plane
1020 949 1168 1031 omiss0,
1199 949 1236 1015 id
1259 949 1351 1036 egit,
1383 962 1423 1018 ut

188 1074 335 1119 excussa
364 1051 441 1138 ipsa
469 1053 590 1118 fabula
622 1074 754 1118 annum
777 1052 931 1118 natalem
954 1051 1151 1138 indagaret.
1198 1054 1320 1138 Itaque
1344 1076 1420 1140 rep·

187 1153 278 1240 perit
310 1153 467 1221 eiusdem
499 1153 709 1240 olympiadis
740 1176 873 1220 annum
904 1154 1118 1235 secundum,
1158 1154 1179 1220 i.
1211 1177 1240 1222 e.
1274 1178 1421 1222 vernum

187 1268 325 1343 tempus
363 1256 447 1323 anni
486 1280 515 1323 a.
547 1258 630 1324 Chr.
669 1279 703 1323 n.
735 1274 809 1341 390.
874 1256 1040 1323 Defendit
1077 1278 1178 1323 suam
1210 1258 1421 1324 sententiam

187 1358 355 1427 Goetzius
377 1361 445 1425 hoc
472 1359 642 1445 imprimis
665 1382 749 1427 usus
771 1369 1001 1445 argumento:
1047 1359 1239 1426 Velsenum
1261 1382 1308 1427 ne
1331 1360 1421 1449 peri·

187 1463 305 1530 culum
337 1462 479 1548 quidem
501 1461 637 1543 fecisse,
667 1462 846 1548 quomodo
868 1461 1079 1528 scholiastae
1101 1461 1327 1544 satisfaceret,
1359 1465 1423 1531 sed

186 1587 267 1632 eum
297 1565 403 1651 plane
433 1564 632 1650 neglexisse
646 1567 706 1648 34).
761 1565 841 1650 Ipse
872 1563 983 1645 enim,
1015 1587 1096 1631 cum
1124 1575 1160 1631 et
1192 1565 1247 1631 Ol.
1278 1565 1355 1649 96,4
1388 1577 1424 1633 et

188 1668 243 1734 01.
267 1682 341 1751 97,3
365 1669 605 1734 Demostratos
628 1677 828 1753 praeturam
852 1666 969 1752 egisse
992 1666 1204 1749 invenisset,
1238 1666 1274 1733 in
1296 1667 1421 1735 disser-

186 1769 319 1837 tatione
347 1773 440 1837 hanc
470 1768 680 1842 sententiam
709 1770 920 1855 protulerat:
958 1769 1084 1837 scholii
1115 1781 1295 1837 auctorem
1326 1771 1422 1857 apud

188 1872 440 1939 Philochorum
470 1871 601 1939 vidisse
625 1872 897 1939 Atheniensium
921 1874 1207 1958 Boeotorumque
1238 1875 1363 1940 foedus
1386 1872 1423 1939 in

187 1998 281 2041 anno
312 1974 538 2062 Diophanteo
569 1975 639 2057 (Ol.
672 1975 760 2060 ooo)
790 1974 954 2061 positum.
1010 1974 1273 2044 Ecclesiazusas
1306 1986 1423 2042 autem

187 2101 267 2145 cum
290 2101 362 2146 non
385 2078 565 2164 ignoraret
587 2100 665 2146 esse
680 2089 793 2145 actam
809 2089 972 2164 praetore
989 2081 1222 2160 Demostrato,
1246 2078 1424 2165 cogitasse

187 2204 268 2248 eum
290 2181 379 2249 falso
402 2183 446 2248 de
469 2180 586 2267 priore
609 2181 827 2268 magistratu,
851 2180 909 2248 cui
932 2183 1000 2248 hoc
1026 2192 1101 2247 erat
1115 2202 1254 2248 nomen.
1301 2182 1423 2267 ltaque

187 2305 264 2350 esse
287 2284 419 2350 factum
436 2294 474 2349 ut
489 2283 677 2350 scriberet:
705 2280 886 2369 Φιλόχορος
902 2279 1026 2369 ἱστορεῖ
1048 2277 1101 2349 ὅτι
1116 2280 1199 2366 πρὸ
1223 2278 1295 2348 δύο
1319 2280 1423 2347 ἑτῶν

188 2383 312 2467 ἐγένετο
336 2381 503 2469 συμμαχία
520 2378 709 2471 Ἀθηναίων
731 2384 788 2451 καὶ
805 2389 972 2466 Βοιωτῶν,
996 2409 1086 2467 cum,
1109 2385 1140 2452 si
1155 2386 1310 2451 fabulam
1327 2395 1422 2453 recte

189 2487 378 2555 rettulisset
407 2488 452 2553 ad
476 2490 737 2556 Demostratum
768 2489 933 2569 alterum,
965 2488 999 2555 ei
1027 2488 1151 2555 fuisset
1181 2489 1420 2554 adnotandum
1457 2494 1461 2500 '

187 2577 254 2675 frod
277 2587 396 2655 πέντε
418 2586 508 2655 ἐτῶν.

275 2692 445 2778 Speciosa
468 2694 626 2779 profecto
649 2692 910 2760 coniecturaet
924 2692 1100 2760 subtiliter
1114 2691 1330 2778 excogitata!
1355 2693 1424 2759 Ve-

100 2782 103 2788 ’
190 2818 267 2862 rum
296 2806 412 2861 tamen
443 2794 530 2860 nihil
562 2806 614 2862 est
641 2794 792 2881 amplius
815 2794 884 2861 nisi
907 2794 1119 2862 coniectura.
1165 2795 1246 2861 Hoc
1268 2793 1337 2861 illis
1359 2793 1425 2861 fuit

189 2898 391 2979 tenendum,
424 2897 485 2982 qui
508 2920 585 2964 eam
608 2897 656 2964 ita
679 2899 880 2964 habuerunt
903 2897 939 2963 in
962 2896 1108 2977 deliciis,
1142 2907 1181 2962 ut
1204 2918 1296 2982 quae
1319 2918 1423 2982 argu·

189 3011 305 3068 menta
335 3022 378 3066 ex
408 2999 485 3087 ipsa
512 3001 633 3066 fabula
662 3011 761 3066 erant
785 3000 960 3081 derivata,
994 3010 1138 3086 propter
1160 2998 1256 3066 illam
1279 3000 1425 3066 mallent

189 3104 362 3190 neglecta.
408 3104 574 3170 Attamen
596 3102 627 3169 si
650 3102 707 3169 via
730 3114 764 3169 et
792 3103 928 3170 ratione
944 3101 1204 3189 progredimur,
1228 3102 1423 3168 conceden-

190 3208 273 3273 dum
296 3218 349 3274 est
371 3206 509 3274 Goetzii
532 3205 780 3286 coniecturam,
813 3206 896 3293 quia
919 3228 940 3271 a
962 3204 1173 3272 scholiastae
1195 3202 1423 3271 adnotatione

191 3320 244 3376 est
273 3311 447 3395 profecta,
477 3332 540 3396 per
569 3331 608 3376 se
637 3309 741 3376 nimis
764 3309 902 3375 infirmo
925 3307 961 3373 in
984 3308 1213 3373 fundamento
1236 3306 1344 3373 fuisse
1367 3329 1424 3373 ex-

189 3422 366 3478 structam.
412 3414 504 3477 Nam
526 3411 688 3478 scholion
711 3434 783 3477 uno
806 3422 901 3479 certe
924 3411 1053 3477 mendo
1076 3408 1236 3476 vitiatum
1259 3431 1346 3491 esse,
1372 3408 1423 3474 ni·

190 3512 316 3579 mirum
339 3535 391 3594 e0,
415 3514 512 3599 quod
533 3513 674 3580 sustulit
698 3512 842 3593 Petitus,
866 3512 942 3599 ipse
965 3532 1109 3597 quoque
1131 3533 1338 3596 persuasum
1363 3513 1423 3577 ha·

189 3616 266 3683 buit
282 3615 459 3682 Goetzius.
504 3618 549 3682 Et
571 3618 638 3683 hoc
654 3615 940 3701 vestigiononne
959 3614 1035 3681 iure
1050 3613 1224 3695 terrearis,
1247 3635 1292 3680 ne
1308 3624 1425 3681 cetera

191 3719 348 3786 confidas
378 3719 502 3785 fraude
532 3741 671 3800 carere,
704 3717 910 3804 praesertim
933 3740 1012 3785 cum
1036 3739 1157 3784 omnes
1180 3718 1254 3783 fere
1276 3714 1423 3796 numeri,

189 3821 250 3908 qui
282 3820 318 3886 in
346 3820 445 3888 libris
476 3820 703 3888 inveniuntur
731 3820 925 3887 litterarum
947 3819 1040 3887 notis
1072 3818 1227 3900 indicati,
1254 3841 1317 3904 per
1339 3829 1423 3884 tem-

189 3947 315 4010 porum
356 3925 543 3991 decursum
575 3923 690 4009 magis
713 3924 874 3990 minusve
901 3924 1016 3989 labem
1048 3922 1240 3989 traxerint?
1303 3922 1424 4000 Imm0,

190 4028 286 4113 quod
317 4026 683 4109 Tchorzewskius³⁶),
707 4026 768 4111 qui
791 4025 861 4091 iam
884 4036 965 4091 ante
992 4024 1178 4092 Goetzium
1203 4022 1308 4090 Petiti
1330 4044 1424 4089 com·

257 4264 301 4334 34)
318 4266 376 4320 Act
394 4264 485 4320 societ
502 4263 592 4334 philol
609 4262 681 4333 Lips.
698 4266 762 4319 tom.
781 4264 826 4330 VI,
844 4281 869 4333 p.
886 4263 937 4318 340
955 4280 1012 4334 sqq.

256 4350 300 4422 35)
319 4350 357 4406 Cf
376 4351 510 4424 Opusoula
527 4351 651 4423 postuma
668 4349 708 4404 ed
726 4349 847 4406 stravius
865 4348 960 4406 Casani
978 4366 1001 4404 a
1020 4347 1094 4414 1856,
1110 4364 1136 4417 ρ.
1155 4345 1204 4401 116
1222 4363 1280 4415 sqq.
