3242 4867
554 157 590 172 ο.
746 153 788 167 —
897 157 939 167 —

588 189 597 202 ·
686 177 689 186 ¹
771 179 815 190 ¹.
872 181 879 192 τ

810 213 880 222 .,-

846 241 865 248 .-

225 314 394 385 stranteS,
435 303 778 400 indesolljegemnt
801 291 969 396 :fabulam
1004 326 1047 370 eo
1078 315 1237 390 tempore
1268 304 1353 370 anni
1384 327 1461 372 esse

226 418 360 488 actam,
391 421 464 493 quo
486 401 583 473 cives
591 403 858 473 ''afi‘contibnes
872 401 1069 473 'matutinas
1092 429 1130 473 re
1153 427 1239 473 vera
1262 407 1462 494 migrabant

150 555 155 562 ·
227 510 393 576 diluculo.
439 509 542 594 Quae
564 508 739 576 sententia
762 511 830 575 hac
847 531 991 595 quoque
1006 531 1044 576 re
1059 509 1199 575 videtur
1214 510 1462 591 commendari,

226 614 323 698 quod
351 611 412 697 qui
445 611 481 676 in
513 613 711 697 Vesparum
739 612 861 677 fabula
891 614 1066 705 prodeunt
1096 612 1265 678 heliastae
1299 613 1368 694 (vv.
1397 630 1463 694 230

226 717 316 801 sqq.)
340 736 419 781 cum
443 713 596 780 lucernis
620 734 683 798 per
705 725 845 779 noctem
868 724 1035 795 errantes,
1060 715 1183 780 eadem
1199 713 1366 799 temporis
1383 714 1462 781 rati-

228 838 296 883 one
326 816 446 882 habita
470 816 692 881 Lenaeorum
723 814 848 882 diebus
876 814 1093 882 brumalibus
1117 815 1288 901 populum
1311 816 1463 884 delecta·

229 930 364 985 verunt.
420 920 464 985 Et
494 916 632 985 accedit
662 916 731 983 alia
761 939 905 1003 quoque
936 940 1053 984 causa.
1107 906 1276 1006 Legimus
1306 918 1399 984 enim
1427 918 1464 984 in

225 1020 390 1087 ¹versibus
413 1021 480 1103 408
509 1038 602 1106 sqq:

431 1121 514 1206 μετυί
547 1125 662 1187 τοῦτον
683 1115 810 1186 Εὐαίων
831 1118 848 1185 ὁ
871 1119 1070 1203 δεξιώτατος

430 1223 583 1311 παρῆλθε
605 1219 742 1308 γυμνός,
776 1218 822 1301 ὡς
844 1221 951 1289 ἐδόκει
973 1228 1045 1301 τοῖς
1075 1220 1243 1288 πλείοσιν·
1279 1291 1285 1301 ,

432 1319 531 1403 αὐτός
552 1347 587 1410 χε
608 1322 853 1412 μέντοῦφασκεν
875 1322 1006 1411 ίμοίτιυν
1028 1323 1120 1406 ἔχειν,

361 1494 363 1498 ,
431 1422 563 1493 κᾶπειτ’
589 1424 679 1510 ἔλεξε
701 1426 984 1514 δημοτικωτάτους
1006 1426 1136 1513 λόγους·

432 1526 529 1615 ὁρᾶτε
550 1529 611 1614 μέν
632 1553 673 1614 με
696 1528 848 1615 δεόμενον
870 1528 1032 1617 σωτηρίας

433 1629 694 1720 τετραστατήρου
715 1628 853 1699 καύτόν·
882 1628 952 1698 ἀλλ’
975 1630 1066 1718 ὅμως
1089 1631 1152 1718 ἕρω

432 1730 453 1799 a‘
460 1759 477 1812 ς
497 1734 554 1822 τὴν
577 1731 676 1802 πόλιν
696 1733 753 1799 καί
774 1734 850 1812 ιτοδς
871 1734 1013 1813 πολίτας
1035 1732 1167 1801 σώσετε.

430 1832 469 1923 ’ἣν
490 1836 550 1924 γὰρ
572 1835 743 1921 παρέχωσι
765 1842 837 1914 τοῖς
860 1837 1026 1921 δεομένοις
1048 1834 1077 1902 oi
1102 1842 1228 1926 κναφῆς

429 1937 573 2020 χλαίνας,
597 1937 733 2005 ἕπειδυίν
755 1943 889 2025 πρῶτον
910 1937 1001 2027 ἥλιος
1021 1942 1141 2027 τραπῇ,

433 2043 602 2129 πλευρῖτις
625 2036 666 2107 δν
687 2038 778 2131 ἡμῶνΙ
800 2036 899 2108 οὐδέν’
923 2037 964 2108 δν
986 2040 1083 2126 λάβοι
1105 2041 1198 2109 ποτέ.

432 2139 525 2222 ὅσοις
547 2144 584 2210 δὲ
606 2141 698 2231 κλίνη
719 2142 764 2233 μή
781 2138 849 2211 ’στι
874 2144 957 2230 μηδὲ
982 2142 1169 2232 στρωματα,

432 2243 514 2312 ἱέναι
537 2243 800 2334 καθευδήσοντας
823 2242 1099 2333 ἀπονενιμμένους

435 2347 470 2426 ἐς
490 2353 555 2415 τῶν
577 2350 800 2435 σκυλοδεψῶν.
876 2383 878 2386 ·

314 2455 434 2518 Euaeo
457 2452 575 2538 igitur,
599 2453 661 2540 qui
684 2455 729 2519 de
752 2452 869 2539 palliis
891 2452 1130 2539 stragulisque
1149 2443 1337 2539 egentibus
1352 2452 1466 2539 gratis

228 2555 353 2622 dandis
369 2555 424 2621 vel
442 2555 665 2641 assignandis
681 2555 904 2642 rogationem
919 2558 965 2621 ad
981 2557 1153 2642 populum
1169 2555 1291 2622 tulisse
1306 2555 1465 2641 fingitur,

225 2657 404 2744 plerisque
433 2660 551 2725 nudus
577 2658 721 2743 prodire
752 2669 828 2725 erat
858 2657 963 2725 visus.
1018 2659 1184 2725 Attamen
1219 2653 1352 2743 ίμυίτιον
1383 2679 1462 2744 per·

226 2771 403 2827 severarat
424 2783 502 2827 sese
524 2762 665 2853 habere.
711 2760 766 2826 Illi
782 2760 892 2846 igitur
907 2783 979 2826 non
995 2760 1129 2841 iisdem,
1152 2764 1215 2828 sed
1231 2760 1464 2828 crassioribus

225 2862 440 2929 vestimentis
456 2861 574 2938 amicti
590 2864 634 2928 ad
650 2862 851 2929 contionem
867 2863 1006 2929 venisse
1020 2875 1103 2930 sunt
1118 2862 1277 2949 putandi.
1315 2858 1465 2939 Χλαίνας

225 2964 390 3030 nimirum
422 2964 625 3046 induerant,
665 2950 783 3045 παχέα
806 2961 920 3048 ἱμάτια
932 2968 980 3048 ⁵),
1027 2988 1118 3051 quae
1149 2964 1385 3031 Athenienses
1416 2967 1462 3030 ad

224 3067 358 3153 frigora
388 3066 527 3134 facilius
558 3067 764 3134 sustinenda
794 3067 864 3133 iam
895 3079 1044 3135 exeunte
1075 3079 1207 3134 aestate
1236 3079 1339 3134 caute
1362 3089 1462 3153 prae·

229 3172 451 3256 parabantt).
509 3171 629 3256 Atque
666 3173 808 3237 easdem
841 3167 976 3250 χλαίνας
1004 3170 1155 3237 feminae
1192 3170 1276 3237 viris
1303 3169 1461 3255 surripu-

228 3284 345 3354 erant,
390 3295 461 3358 quo
499 3272 614 3339 minus
652 3273 738 3359 gelu
777 3285 951 3340 nocturno
985 3275 1194 3339 laborarent.
1248 3274 1302 3339 Cf.
1334 3296 1365 3338 v.
1397 3286 1462 3354 507

231 3377 377 3462 ῥιπτεῖτε
400 3370 535 3453 χλαίνας
557 3385 592 3441 et
614 3397 668 3441 vv.
693 3389 756 3459 539
770 3397 847 3461 sqq.
893 3373 1053 3441 Hiberno
1077 3374 1185 3460 igitur
1206 3386 1366 3461 tempore
1388 3396 1462 3439 mu·

297 3578 324 3645 5)
342 3576 380 3632 (λὶ
398 3576 497 3631 Polluc.
516 3577 619 3632 lutat:
637 3577 683 3645 τήν
701 3582 803 3647 χλαῖναν
822 3579 852 3632 δὲ
869 3572 951 3637 οὗτος
969 3576 1074 3632 ἐκάλουν
1093 3578 1116 3631 οἱ
1133 3579 1181 3645 τῆς
1199 3578 1341 3646 κωμῳδίας
1359 3577 1463 3642 ποιηταὶ

228 3662 293 3729 μόνα
316 3661 348 3714 τοὶ
373 3662 457 3731 παχέα
483 3662 571 3728 ἱμάτια
596 3660 693 3731 ταύτης
710 3664 760 3729 τῆς
778 3665 949 3730 προσηγορίας
966 3658 1109 3726 ἀξιοῦντες,
1138 3658 1225 3730 ὥσπερ
1244 3663 1290 3716 καλ
1308 3661 1464 3728 Θεόπομπος

230 3747 254 3800 ἐν
272 3745 391 3815 Εἰρήνῃ·
409 3748 513 3816 χλαῖνάν
532 3766 571 3801 σοι
589 3747 673 3817 λαβιδν
690 3755 798 3817 παχεῖαν
817 3748 929 3817 ἐπιβαλῶ
948 3749 1111 3815 Λακωνικήν.

297 3832 410 3902 Hesyolr
429 3850 449 3887 ε.
466 3850 489 3887 ν.
507 3837 613 3902 χλαῖνα·
638 3834 735 3902 [χλανὶς
752 3828 783 3902 ἣ]
802 3832 901 3900 ἱμάτιον
918 3834 1068 3902 χειμέρινον,
1097 3832 1148 3887 ἀπὸ
1167 3837 1211 3888 τοῦ
1229 3834 1357 3903 χλιαίνειν,
1375 3827 1390 3888 ὅ
1408 3830 1464 3885 ἐστι

228 3918 378 3993 ἓλερμαῑνειν.

296 4002 368 4058 Suid.
386 4020 406 4058 s.
424 4020 447 4059 v.
464 4007 569 4072 χλαῖναΙ
588 4004 616 4058 τὸ
637 4003 704 4071 next
723 4005 767 4057 καλ
784 4002 926 4072 χειμερινὸν
945 4004 1051 4071 ἱμάτιον.

300 4088 338 4144 Cl
356 4088 490 4159 Aristoph.
508 4089 572 4144 Aen
591 4106 614 4143 v.
631 4088 697 4154 8453
722 4090 802 4159 Vesp.
820 4107 859 4144 νν.
878 4089 935 4153 739,
954 4089 1035 4155 1132;
1060 4090 1106 4144 Ar.
1124 4106 1164 4144 vv.
1180 4089 1238 4155 493,
1257 4088 1337 4154 1090;
1354 4088 1466 4158 Lysistr.

228 4191 268 4229 νν.
294 4174 353 4241 586,
380 4175 460 4241 11563
488 4174 592 4230 Thesm.
618 4192 640 4229 v.
666 4175 728 4241 1423
754 4175 820 4229 Rau
845 4192 868 4229 ν.
893 4175 961 4230 1459
986 4178 1015 4229 et
1032 4180 1171 4245 praeterea
1189 4175 1283 4229 Kockii
1301 4191 1365 4229 eom.
1383 4173 1465 4227 Attia

229 4259 321 4329 fragm.
339 4260 389 4315 vol.
406 4260 427 4325 I,
443 4276 469 4329 p.
488 4261 544 4316 735.
579 4260 700 4330 Denique
717 4259 778 4314 vido
796 4259 907 4314 Beckeri
927 4258 1039 4314 Chariol.
1051 4259 1101 4313 vol
1113 4259 1161 4325 ΙΙΙ,
1180 4277 1202 4329 p.
1215 4259 1266 4314 230
1278 4263 1306 4313 ot
1318 4260 1466 4314 Hermanni

229 4345 352 4415 antiquit
371 4344 462 4399 Graec.
480 4345 542 4399 adit
560 4348 621 4399 tart
639 4345 690 4399 vol.
708 4344 752 4411 IV,
769 4362 794 4415 p.
815 4345 864 4399 177
882 4345 941 4400 adu
959 4345 982 4399 λ

298 4431 325 4501 6)
344 4431 391 4484 Ar.
408 4447 447 4486 νν.
465 4430 522 4497 712,
540 4431 605 4496 715;
623 4430 723 4485 Boules.
739 4448 762 4484 v.
780 4429 838 4484 416.
