3242 4867
734 140 952 206 -44-

222 306 419 394 cythionis,
463 309 669 380 Melistiehe.
726 313 826 382 Haec
868 312 962 381 enim
998 312 1067 380 iam
1100 314 1240 381 calceos
1273 310 1395 380 viriles
1410 312 1466 396 66)

222 410 379 484 induisse
410 412 538 480 dicitur
568 416 612 497 (v.
637 419 712 500 47);
744 428 779 484 et
808 429 991 503 praeterea
1021 416 1158 485 accedit
1186 418 1263 484 sola
1296 418 1352 499 (cf.
1376 412 1464 502 μόνη

221 539 252 581 ν.
276 518 330 599 48,
363 539 454 603 quae
477 540 546 584 vox
569 542 590 585 a
613 521 768 588 Velseno
792 520 828 586 in
852 521 994 587 fabulae
1016 520 1172 588 editione
1194 532 1247 588 est
1270 519 1400 587 iniuria
1426 520 1463 586 in

220 618 459 705 suspicionem
489 624 638 705 vocata).
691 624 917 710 Quamquam
949 623 1057 709 igitur
1087 624 1185 690 nulla
1215 623 1329 690 amica
1351 623 1463 691 comi-

222 732 317 788 tante
341 744 405 813 per
427 725 590 792 tenebras
614 725 659 790 ad
681 747 846 792 scaenam
871 725 1062 807 contendit,
1086 737 1203 793 tamen
1223 737 1362 813 praeter
1379 749 1464 794 con·

221 825 509 909 suetudinemssss)
544 850 616 894 non
648 850 769 895 secum
802 828 902 896 duxit
934 829 1116 911 famulam,
1159 828 1340 911 nimirum,
1376 830 1463 917 quia

221 927 384 995 histrioni
406 952 478 995 non
502 928 640 997 licebat.

307 1031 395 1098 Tres
420 1031 529 1117 igitur
551 1033 632 1100 illae
655 1035 820 1103 mulieres
843 1035 912 1102 iam
935 1034 1098 1104 omnibus
1121 1038 1227 1104 rebus
1249 1036 1461 1104 necessariis

223 1146 323 1202 erant
353 1146 515 1217 ornatae,
553 1136 622 1204 nisi
653 1140 750 1223 quod
780 1141 908 1206 barbas
938 1140 1096 1206 nondum
1128 1138 1464 1226 circumligaverant

221 1239 290 1320 (vv.
318 1241 377 1305 118
399 1263 468 1325 sq.‚
499 1264 555 1306 vv.
584 1258 639 1308 121
665 1245 775 1328 sqq),
806 1244 870 1310 sed
901 1244 957 1309 vel
989 1245 1177 1329 gestabant
1207 1242 1370 1309 manibus
1404 1244 1460 1310 vel

221 1341 257 1407 in
288 1340 368 1408 sinu
400 1344 608 1412 reconditas.
656 1347 844 1413 Praeterea
869 1348 1073 1431 Praxagora
1104 1369 1124 1413 e
1153 1348 1259 1413 domo
1286 1348 1461 1413 extulerat

221 1446 401 1512 lucernam
432 1458 468 1513 et
490 1469 638 1516 coronas
662 1450 707 1515 ad
731 1460 888 1516 oratores
911 1451 956 1516 de
979 1451 1339 1531 more‘exomandOS,
1371 1473 1460 1536 quas

222 1548 334 1634 ipsam
362 1572 468 1616 manu
498 1550 653 1619 tenuisse
681 1551 893 1639 perspicitur
924 1576 967 1620 ex
997 1577 1028 1619 v.
1065 1571 1133 1619 122.
1195 1552 1313 1620 Vicini
1342 1564 1460 1620 autem
1544 1605 1547 1608 .

222 1673 310 1718 uxor
332 1663 407 1719 erat
430 1652 579 1739 insignis
601 1654 703 1722 fustis
726 1654 972 1741 magnitudine
996 1657 1064 1738 (vv.
1089 1656 1131 1738 76
1150 1657 1241 1742 sqq.)
1265 1696 1305 1703 —
1329 1657 1459 1723 baculo

220 1753 325 1821 etiam
337 1757 576 1843 Praxagoram
584 1757 693 1825 fuisse
699 1759 904 1826 instructam
915 1759 1165 1846 cognoscimus
1173 1781 1216 1826 ex
1228 1782 1283 1825 vv.
1295 1774 1359 1843 543
1371 1781 1459 1845 sqq,

221 1870 260 1925 ut
282 1860 326 1925 de
350 1858 452 1926 tertio
475 1859 645 1928 histrione
667 1861 726 1927 vix
749 1861 911 1930 dubitare
934 1862 1038 1930 liceat
1061 1903 1112 1943 -,
1140 1861 1338 1929 Melistiche
1361 1861 1459 1927 deni·

221 1984 291 2047 que
323 1963 474 2048 quasillo
505 1987 560 2030 vv.
585 1966 625 2030 82
648 1988 699 2051 sq.
747 1966 871 2052 Itaque
897 1964 952 2033 his
974 1966 1118 2053 quidem
1141 1964 1305 2032 omnibus
1328 1966 1457 2031 adeas

221 2087 276 2133 res
303 2068 494 2152 gestandas
517 2067 633 2135 alieno
656 2067 788 2135 auxilio
811 2091 884 2135 non
907 2079 982 2137 erat
1005 2091 1104 2156 opus

307 2170 380 2236 Iam
402 2170 585 2238 videamus
608 2173 805 2239 choreutas.
853 2173 1034 2239 Prodeunt
1057 2172 1093 2238 in
1115 2155 1280 2239 scaenam
1302 2171 1458 2257 ipsarum

220 2272 376 2340 vestibus
407 2273 607 2342 instructae.
654 2276 746 2342 Nam
777 2299 832 2342 vv.
858 2275 920 2342 268
942 2298 1019 2361 sqq.
1052 2276 1193 2342 demum
1220 2274 1387 2341 iubentur
1409 2274 1457 2341 vi·

221 2399 340 2443 rorum
379 2378 517 2445 calceos
552 2390 587 2445 et
616 2378 824 2446 vestimenta
854 2378 1011 2445 induere.
1074 2380 1207 2445 Verum
1239 2389 1357 2445 tamen
1388 2401 1459 2445 non

220 2479 316 2545 omni
339 2480 467 2548 vestitu
490 2481 641 2548 femineo
665 2481 830 2549 videntur
852 2482 961 2549 fuisse
984 2481 1143 2561 amictae,
1174 2483 1237 2548 sed
1259 2480 1345 2548 solis
1368 2480 1458 2547 tuni·

220 2582 327 2664 culis,
360 2606 451 2671 quae
484 2584 743 2671 succinguntur
770 2609 802 2652 v.
834 2586 906 2652 268.
962 2587 1053 2653 Nam
1078 2586 1283 2670 Praxagora
1314 2606 1457 2671 quoque

219 2686 367 2774 eiusque
393 2686 506 2755 amica
536 2686 573 2754 τὸ
596 2683 845 2776 ἡμιδιπλοίδιον
867 2690 912 2771 (v.
937 2690 1014 2771 318)
1037 2688 1093 2755 vel
1116 2685 1155 2751 τὸ
1176 2684 1457 2772 nominum)

218 2792 265 2873 (v.
290 2792 367 2874 332)
398 2791 493 2858 domi
523 2792 739 2878 reliquerant
766 2793 822 2874 (cf.
853 2817 885 2859 v.
909 2794 1002 2876 535),
1035 2791 1200 2858 nimirum
1231 2814 1276 2859 ne
1302 2790 1456 2878 plurium

219 2893 506 2961 vestimentorum
538 2916 645 2986 onere
675 2906 709 2964 et
733 2895 893 2963 molestia
916 2906 1166 2982 premerentur.
1214 2897 1258 2961 Et
1288 2894 1457 2982 quoniam

219 2997 375 3066 virorum
396 3000 527 3066 formas
549 3022 621 3066 non
643 2998 711 3066 iam
727 3011 828 3067 erant
843 2999 1040 3081 ementitae,
1064 3002 1131 3066 hae
1147 2998 1290 3085 quidem
1305 2996 1457 3065 feminae

180 3154 182 3159 .
219 3104 443 3170 lucernarum
465 3103 654 3189 splendore
678 3106 842 3170 tenebras
858 3104 1027 3169 audacter
1042 3102 1265 3169 illustrabant
1280 3101 1337 3182 (cf.
1355 3125 1386 3167 v.
1404 3116 1456 3182 27,

219 3230 251 3272 v.
276 3209 342 3290 50).
376 3208 573 3274 ·Portanda
603 3219 721 3274 autem
753 3217 853 3274 erant
882 3204 1034 3293 singulis
1066 3216 1248 3292 praeterea
1279 3204 1456 3284 baculum,

220 3310 327 3377 vestis
358 3309 486 3391 virilis,
518 3310 629 3378 calcei
663 3309 849 3390 Laconici,
888 3311 999 3376 barba
1030 3309 1087 3390 (cf.
1121 3331 1175 3374 vv.
1207 3308 1248 3373 68
1271 3330 1368 3394 sqq.,
1401 3330 1456 3373 vv.

220 3413 284 3497 269
307 3415 408 3499 sqq).
454 3414 527 3480 Iam
558 3436 650 3500 quae
673 3414 817 3481 dextera
839 3416 982 3480 tenebat
1004 3413 1203 3492 lucernam,
1235 3409 1456 3478 Geusistrate

220 3516 265 3597 (v.
290 3518 358 3600 49),
385 3517 564 3602 quomodo
587 3517 666 3583 tulit
688 3528 832 3597 vestem,
859 3518 1015 3597 barbam,
1039 3516 1189 3595 calceos
1213 3537 1293 3582 cum
1315 3511 1457 3580 sinistra

220 3630 313 3687 esset
335 3620 546 3705 gestandum
568 3620 757 3688 baculum?
789 3620 884 3686 Num
907 3621 996 3686 forte
1019 3617 1126 3685 axilla
1149 3616 1330 3684 adhibita?
1364 3616 1456 3683 Toto

220 3723 320 3790 caelo
343 3733 430 3808 puto
453 3744 579 3804 errare,
603 3722 633 3790 si
656 3722 735 3809 quis
755 3721 955 3789 baiulorum
971 3722 1076 3789 modo
1092 3721 1281 3787 arbitretur
1295 3718 1457 3805 singulas

222 3882 426 3889 —--—-.———

288 3962 332 4031 65)
350 3962 420 4017 Nam
437 3961 498 4018 illas
516 3962 633 4032 ἐμβάδας
651 3962 732 4017 fuisse
750 3961 905 4020 Λακωνικάς
923 3962 1042 4030 apparet,
1060 3960 1082 4013 si
1100 3977 1139 4014 vv.
1158 3958 1192 4012 rt
1210 3961 1239 4013 ot
1249 3956 1299 4013 269
1320 3971 1458 4026 compara·

219 4048 288 4105 veris
306 4065 366 4104 oum
383 4066 405 4104 v.
425 4050 475 4104 567
493 4052 522 4103 et
538 4067 578 4104 vv.
597 4049 655 4115 345,
672 4048 724 4103 542
742 4064 802 4102 oum
820 4064 860 4101 vv.
872 4046 930 4112 314,
947 4045 1005 4101 342.
1041 4045 1110 4100 Vide
1127 4048 1274 4115 praeterea,
1292 4059 1360 4113 quae
1378 4056 1457 4111 expo·

218 4133 274 4188 suit
290 4134 428 4190 Dierksius
446 4135 474 4189 in
492 4134 583 4189 Diario
602 4132 732 4189 arohaool
750 4133 802 4188 vol.
821 4134 854 4188 43
872 4150 897 4203 p.
919 4134 952 4189 43
970 4149 1009 4201 sq.

290 4220 333 4289 66)
352 4219 391 4276 cf.
409 4219 521 4276 Beckeri
539 4220 651 4275 Chariol.
668 4219 718 4274 vol
736 4219 779 4274 ΙΙΙ
796 4237 822 4290 p.
840 4218 983 4275 268-271.
1019 4217 1057 4274 cf.
1076 4218 1185 4288 Lysistr.
1203 4234 1226 4272 v.
1246 4216 1290 4271 18:
1311 4212 1329 4282 q*
1348 4211 1373 4269 δ’
1391 4215 1457 4267 οἰκέ-

220 4325 267 4374 την
285 4325 394 4374 ηγειρει.

286 4391 388 4462 67)(15
410 4392 442 4446 K.
459 4392 501 4447 10¹1.
519 4391 664 4446 Hermanni
694 4391 795 4460 antiqu.
820 4390 912 4445 Graec.
937 4390 999 4446 odit
1026 4406 1078 4445 seo.
1102 4389 1153 4445 vol
1171 4389 1214 4443 III
1239 4405 1265 4460 p.
1284 4387 1340 4453 162,
1364 4404 1388 4458 p.
1408 4385 1457 4441 166

219 4478 279 4534 adn
299 4479 342 4545 12;
361 4478 473 4533 Beckeri
490 4476 601 4534 Charini
620 4476 671 4533 vol
689 4476 732 4530 III
749 4494 775 4547 p.
795 4476 845 4532 176
863 4494 899 4547 sq.
