3242 4867
687 108 879 177 -,-

165 278 238 345 καὶ
268 277 331 358 εἰς
355 275 585 366 ςΑλίαρτον
613 276 702 347 ἔδει
732 284 932 366 βοηθεῖν,
977 276 1043 346 tal
1072 276 1295 368 Ὀρθοβούλου
1323 305 1403 346 κατ·
1463 365 1466 369 y

165 382 349 467 ειλενμὲνος
375 378 547 461 ἱππεύειν,
579 380 694 470 ἐπειδὴ
726 379 854 460 πάντας
881 378 991 470 ἑτάρων
1020 385 1092 460 τοῖς
1122 381 1183 467 μὲν
1205 379 1402 449 ἱππεύουσιν

167 478 350 573 άσφάλειαν
381 478 477 551 εἶναι
499 485 569 549 δεῖν
591 482 793 569 νομίζοντας,
816 488 889 563 τοῖς
910 478 940 550 δ’
964 481 1119 562 ὁπλίταις
1140 482 1287 551 κίνδυνον
1307 483 1401 574 ἡγου-

165 582 298 672 μένους,
329 583 449 673 ἑτέρων
479 580 670 670 ἀναβάντων
701 585 759 653 ἐπὶ
788 586 865 665 τούς
893 589 1022 665 ἵππους
1050 581 1279 672 ἀδοκιμάστων
1309 591 1402 677 παρά

167 689 226 754 τδν
256 686 356 775 νόμον
387 687 450 773 ε’γο)
472 689 671 776 προσελθών
699 685 781 776 dom
808 694 855 777 τῷ
875 683 1085 778 Ὀρθοβούλῳ
1108 688 1281 779 ἒξαλεῖφαί
1301 716 1342 776 με
1364 691 1401 758 ἐκ

167 795 224 857 τοῦ
252 789 451 876 καταλόγου,
483 787 657 880 ύβούμενος
686 789 822 880 αἰσχρὸν
849 785 934 858 εἶναι
962 797 1020 858 τοῦ
1050 789 1202 871 πλύθους
1222 791 1401 879 μέλλοντος

163 891 357 960 κινδυνεύειν
378 890 491 960 άδειαν
513 892 642 983 ε’μαυτῴ
662 891 947 981 παρασκευάσαντι
964 892 1209 982 στρατεύεσθαι.
1231 896 1300 961 κτλ.
1344 900 1399 965 De

165 997 381 1065 Philochoro
405 1009 522 1064 autem
545 1020 617 1064 non
639 997 742 1064 facile
768 997 955 1085 quisquam
975 998 1104 1084 poterit
1119 998 1289 1081 dubitare,
1313 1000 1399 1086 quin

164 1101 209 1166 de
234 1099 289 1166 his
311 1102 416 1166 rebus
439 1099 532 1166 idem
555 1100 733 1181 docuerit,
764 1101 861 1186 quod
884 1102 980 1187 apud
1004 1103 1276 1187 Xenophontem
1300 1102 1398 1188 Lysi·

164 1223 291 1287 amque
328 1201 497 1288 scriptum
526 1200 724 1269 invenimus
739 1203 790 1285 ²1)
814 1204 982 1288 quodque
1005 1214 1186 1288 praeterea
1209 1204 1397 1272 memoriae

91 1328 94 1333 ·
161 1303 396 1390 prodideruntv
423 1316 457 1370 et
482 1304 757 1388 Plutarchus²²l
789 1315 824 1370 et
848 1305 1042 1372 Pausanias
1057 1307 1119 1389 23λ.
1165 1308 1209 1371 Et
1233 1329 1318 1392 prae
1340 1307 1396 1375 his

159 1405 363 1472 auctoribus
381 1407 384 1411 ’
402 1428 494 1492 quae
532 1407 622 1473 fides
662 1406 777 1492 potuit
808 1406 921 1473 Siculi
951 1407 1131 1494 scriptoris
1161 1430 1258 1489 esse,
1299 1411 1395 1495 quod

157 1509 372 1574 Boeotorum
403 1531 485 1576 cum
508 1508 787 1576 Atheniensibus
810 1508 1015 1575 societatem
1038 1512 1178 1576 demum
1201 1522 1309 1596 post
1331 1535 1394 1597 pu·

160 1632 268 1697 gnam
292 1610 501 1677 Haliartiam
524 1609 839 1677 commemoravit?
857 1612 942 1692 lam,
965 1614 1082 1694 cred0‚
1104 1612 1189 1679 satis
1211 1623 1265 1679 est
1286 1612 1394 1680 mani·

159 1713 287 1779 festum
311 1712 416 1780 Petiti
445 1712 742 1799 computationem
771 1736 844 1780 non
874 1714 922 1779 ita
943 1715 1043 1781 firmo
1065 1715 1294 1782 fundamento
1317 1737 1394 1783 esse

162 1814 326 1897 innixam,
350 1827 399 1882 ·ut
426 1815 589 1882 omnibus
611 1817 685 1882 fere
708 1816 810 1882 inniti
833 1816 909 1883 visa
932 1826 993 1898 est,
1025 1838 1141 1901 neque
1163 1828 1293 1899 temere
1316 1840 1395 1885 cen·

157 1916 272 1984 suisse
304 1917 522 1985 Boeckhium
546 1918 808 1985 Ecclesiazusas
840 1941 912 1985 non
942 1918 1142 1985 necessario
1172 1941 1253 1986 cum
1280 1920 1393 1986 Petito

159 2020 205 2085 ad
229 2019 285 2085 Ol.
307 2020 350 2105 96
379 2042 511 2085 annum
542 2031 705 2105 quartum
737 2021 939 2088 referendas
962 2042 1049 2101 esse,
1080 2022 1144 2087 sed
1167 2022 1291 2087 eodem
1315 2020 1392 2089 iure

160 2121 229 2187 iam
252 2121 474 2189 antecedenti
496 2143 601 2208 posse
624 2122 775 2189 attribui.

246 2225 363 2309 Quid?
394 2226 490 2312 quod
521 2246 566 2292 ne
589 2224 738 2291 Diodori
768 2224 912 2311 quidem
942 2223 1168 2307 auctoritate,
1198 2225 1229 2293 si
1252 2247 1324 2292 rem
1348 2228 1393 2293 ad
1461 2317 1464 2321 A

158 2321 277 2394 vivum
301 2349 517 2409 resecamus,
551 2326 686 2394 Petitus
710 2326 786 2394 iure
810 2350 894 2395 usus
918 2339 971 2395 est
993 2330 1038 2394 ad
1059 2328 1270 2395 sententiam
1292 2352 1391 2396 suam

159 2432 478 2515 comprobandam?
516 2429 654 2497 Etenim
677 2452 761 2509 curn¹
781 2430 888 2516 paulo
905 2442 987 2498 ante
1002 2433 1111 2498 verba
1126 2453 1234 2516 supra
1249 2432 1391 2498 laudata

158 2532 254 2617 apud
284 2531 383 2598 illum
412 2535 543 2600 habeas
572 2535 678 2599 haec:
717 2531 901 2600 Βοιωτοὶ
933 2529 978 2598 δὲ
1008 2528 1241 2610 πείσαντες
1265 2526 1392 2619 ’Λέλη-
1502 2525 1507 2534 ’

226 2701 269 2771 21)
287 2702 355 2757 Vide
373 2702 501 2758 Boeckhii
519 2701 552 2756 de
567 2701 727 2757 Philochoro
743 2702 871 2758 iudicium
883 2702 911 2757 in
925 2702 1111 2757 dissertatione
1124 2701 1157 2756 de
1169 2700 1288 2757 Atthidis
1300 2702 1389 2757 Philo·

158 2787 270 2842 choreae
288 2788 465 2860 deseriptione
484 2788 637 2859 composite
673 2787 712 2843 (li
730 2788 819 2858 script
837 2789 929 2843 minor.
947 2789 997 2844 vol
1015 2788 1046 2854 V,
1063 2805 1088 2859 p.
1106 2786 1157 2842 399
1174 2804 1212 2857 sq.

225 2872 268 2935 22)
281 2873 345 2928 vita
359 2873 490 2944 Lysandri
502 2873 665 2940 cxxviii:
692 2875 725 2926 Oi
737 2875 767 2928 δὲ
779 2874 835 2941 (sel
848 2875 871 2927 οἱ
883 2876 1003 2943 Θηβαῖοι)
1022 2872 1390 2942 προσβεβοηθηκότων

156 2954 243 3018 αύτοῖς
258 2954 384 3024 Ἀἱληνα
393 2960 462 3020 ίων,
481 2958 529 3024 τὴν
547 2958 592 3025 μὲν
604 2957 675 3013 πόλιν
687 2958 791 3020 ἐκείνοις
802 2960 990 3019 διεπίστευσαν,
1009 2955 1081 3012 sitsi
1094 2958 1123 3013 δὲ
1135 2959 1192 3024 περὶ
1205 2960 1303 3025 πρῶτον
1315 2953 1389 3010 ὕπνον

157 3041 347 3108 ἐξορμήσαντες
372 3042 487 3110 ἔφθασαν
514 3039 593 3110 σ’λίγῳ
619 3041 663 3096 τὸν
681 3041 829 3110 Λύσανδρον
848 3044 873 3097 ἐν
889 3042 1017 3110 Ἅλιάρτῳ
1043 3041 1173 3111 γενόμενοι
1194 3045 1238 3097 καλ
1255 3044 1327 3110 μέρει
1343 3030 1390 3095 τινὶ
1438 3070 1441 3074 ⁷

158 3127 287 3192 aeonibus
306 3126 343 3185 εἰς
359 3124 407 3191 την
425 3123 505 3179 πάλιν.

224 3210 291 3265 Ibid
311 3227 331 3266 u
349 3211 451 3265 XXIX:
468 3211 516 3281 Τῷ
535 3211 564 3265 δὲ
584 3212 719 3280 Παυσανίᾳ
736 3210 765 3266 ui
785 3210 868 3271 πάλος
885 3207 1035 3279 ἀγγέλλεται
1051 3207 1111 3265 καθ’
1130 3209 1190 3266 ὁδόν
1208 3210 1239 3264 ἐκ
1251 3211 1388 3264 Πλαταιῶν

156 3297 193 3357 εἰς
219 3294 334 3357 Θεσπιάς
358 3297 532 3366 πορευομένῳ·
557 3296 603 3349 καλ
627 3295 813 3364 συνταξάμενος
828 3288 880 3364 ἧκε
897 3295 962 3362 πρδς
979 3296 1022 3350 τὸν
1038 3293 1178 3360 Ἁλίαρτον.
1210 3287 1280 3348 Ἧκε
1298 3295 1327 3350 δὲ
1345 3297 1388 3349 καί

154 3379 333 3451 Θρασύβουλος
351 3382 381 3435 ἐκ
399 3383 494 3451 Θηβῶν
513 3375 582 3451 ἄγων
601 3380 661 3442 τούς
677 3377 839 3449 Ἀθηναίους.

223 3467 491 3537 23)Lib.1115.3.
526 3466 676 3532 Λύσανδρος
693 3502 766 3517 .....
785 3466 812 3527 ἔς
838 3485 866 3521 τε
893 3467 1015 3521 Βοιωτίαν
1038 3463 1148 3533 ἐληλυλε
1176 3466 1220 3520 καλ
1243 3465 1387 3536 προσβολάς

153 3552 261 3606 ἐποιεῖτο
279 3553 305 3613 ἐς
322 3552 350 3607 rt
368 3550 518 3620 Ἁλιαρτίων
535 3560 620 3623 τεῖχος
637 3549 684 3606 ούνι
703 3551 841 3607 ἐλελόντων
860 3550 909 3606 άπὸ
930 3552 1051 3622 Θηβαίων
1070 3547 1237 3618 ἀφίστασθαι.
1269 3551 1386 3619 ἐσελη-

155 3637 306 3691 λύθεσαν
330 3637 367 3693 δὲ
393 3633 461 3705 ἤδη
488 3633 1258 3707 καὶΘηβαίωνκαλἈληναίωντινὶςνιρύφα
1276 3637 1308 3699 ἐς
1326 3636 1386 3705 τήν

153 3721 266 3783 πάλιν,
289 3714 330 3776 ῶν
349 3723 611 3787 ἐπεξελθόντων
629 3722 687 3776 καί
705 3720 767 3789 πρὸ
790 3724 852 3776 τοῦ
877 3723 1017 3792 τείχους
1040 3723 1247 3790 ταξαμένων
1271 3720 1342 3778 ἄλλοι
1357 3742 1386 3777 τε

152 3806 264 3861 ἐνταῦθα
281 3809 487 3875 Λακεδαιμονίων
505 3808 550 3862 καλ
567 3806 717 3874 Λύσανδρος
735 3807 832 3880 ἔπεσεν.

222 3892 279 3948 Lib.
297 3892 342 3949 lX.
359 3892 400 3949 32.
418 3894 441 3947 5.
475 3890 521 3947 Ἐν
538 3890 665 3963 Ἁλιάρτῳ
691 3894 722 3948 δέ
749 3892 804 3947 ἐστι
822 3890 971 3968 Λυσάνδρου
995 3894 1038 3947 τοῦ
1057 3894 1260 3962 Λακεδαιμονίου
1281 3895 1385 3960 μνῆμα·

56 4003 59 4008 ·
151 3977 302 4047 προσβαλῶν
314 3977 362 4045 γάρ
374 3982 423 4032 τῶν
435 3975 584 4046 Ἀλιαρτίαν
596 3977 659 4045 πρὸς
670 3978 699 4032 τδ
713 3985 797 4048 τεῖχος
810 3979 983 4044 στρατιᾶς
1000 3977 1034 4031 ἔκ
1052 3995 1087 4031 τε
1101 3980 1223 4047 Θηβῶν
1236 3974 1386 4044 ἐνούσης

153 4062 252 4118 ἔνδον
277 4065 336 4118 καὶ
361 4063 394 4127 ἐξ
419 4060 587 4131 Ἀθηνῶν,
613 4065 679 4118 xci*
696 4061 962 4128 ἐπεξελθόντων
980 4065 1233 4131 τῶναολεμίων
1252 4063 1340 4117 ἔπεσεν
1358 4063 1383 4117 ἐν

152 4167 185 4217 τῃ
205 4168 288 4289 1²ilicis
311 4238 450 4306 praeterea
467 4235 549 4306 Trogi
565 4235 676 4306 Pompei
702 4236 877 4301 sententiam,
902 4251 970 4319 quse
983 4238 1025 4290 est
1042 4235 1070 4289 in
1087 4234 1184 4289 Iustini
1202 4234 1264 4304 epit
1282 4233 1327 4289 lib.
1345 4233 1384 4288 vl

151 4335 173 4377 ο.
192 4319 223 4374 4:
247 4319 330 4375 Primi
354 4320 437 4392 igitur
459 4321 579 4377 Thebani
604 4321 894 4377 Atheniensibus
921 4320 1192 4376 auxiliantibus
1215 4319 1316 4374 bellum
1341 4318 1382 4372 his

152 4404 208 4474 (sel
225 4404 450 4476 Lacedaemoniis)
467 4407 587 4463 intulere.

1609 365 1618 427 l
