3242 4867
688 151 902 239 ..1‘9-

179 339 276 432 pacis
307 343 535 412 condiciones
558 343 835 411 constituendae.
881 343 962 427 Qua
986 345 1029 410 de
1052 341 1309 432 vituperatione
1332 363 1413 413 con·

178 450 344 515 ferendus
371 459 424 514 est
448 448 541 514 Pluti
564 472 595 513 v.
620 462 685 530 550
708 471 788 514 cum
810 446 957 514 scholio.
1003 448 1067 513 Illo
1091 448 1184 515 enim
1206 450 1286 516 loco
1309 460 1414 536 poeta

181 550 314 617 indicat
337 550 599 635 Thrasybulum
622 573 642 615 a
665 550 845 616 nonnullis
868 549 1033 637 componi
1056 574 1136 617 cum
1158 550 1340 637 DionysiO,
1364 566 1414 637 ty-

181 676 293 720 ranno
317 652 377 719 illo
392 654 705 738 Syracusanorum,
730 653 792 719 sed
807 676 881 718 non
895 653 972 720 sine
988 652 1123 719 iniuria.
1171 655 1293 721 Voluit
1308 654 1417 740 igitur

180 756 256 821 viro
288 756 339 820 illi
368 757 411 822 de
440 755 574 841 patriae
596 755 709 821 salute
733 755 864 841 optime
887 754 1010 822 merito
1034 756 1140 842 paulo
1164 757 1332 823 maiorem
1355 780 1415 843 po·

180 869 341 925 testatem
372 857 603 941 eoncedirt),
634 880 756 924 verum
787 869 904 924 tamen
935 881 1008 924 non
1032 859 1153 925 laudat
1174 859 1317 925 nimiam
1341 860 1417 926 eius

182 962 219 1026 in
243 963 347 1027 rebus
369 958 587 1045 gravissimis
610 960 787 1027 licentiam
811 971 845 1026 et
868 960 1116 1046 arrogantiam.
1162 961 1329 1027 Ceterum
1342 984 1417 1028 ver-

182 1066 267 1129 bum
289 1058 432 1147 ὁρίζεται
466 1062 501 1128 in
531 1085 645 1129 meam
672 1062 884 1129 sententiam
914 1062 983 1127 iarn
1008 1085 1039 1128 a
1067 1062 1257 1129 scholiasta
1279 1064 1418 1130 videtur

181 1178 365 1252 acceptum
387 1187 473 1232 esse.
520 1166 678 1231 Adnotat
700 1165 794 1231 enim
818 1166 863 1230 ad
886 1189 917 1231 v.
941 1182 1024 1247 203:
1051 1161 1296 1250 Θρασύβουλοςε
1322 1159 1416 1243 οὗτος

182 1261 331 1355 αὐθάδης
359 1266 415 1332 καὶ
445 1264 643 1353 δωροδόκος,
679 1262 870 1355 ὑπερόπτης
901 1261 947 1332 ὢν
976 1271 1033 1333 τοῦ
1055 1264 1173 1356 δήμου,
1201 1261 1354 1355 ἠβούλετο
1378 1264 1418 1334 δι’

184 1365 414 1436 ndrobnaina
437 1367 658 1457 πράττεσθαι.

272 1476 315 1539 Et
344 1473 375 1540 si
405 1473 623 1559 quaerimus,
654 1474 834 1559 quomodo
864 1472 909 1539 sit
935 1474 1083 1554 factum,
1113 1485 1152 1540 ut
1176 1476 1420 1561 Thrasybulus

183 1575 399 1662 aliquamdiu
428 1577 524 1662 apud
553 1576 724 1663 populum
755 1598 828 1642 non
858 1576 981 1642 eadem
1010 1576 1124 1660 gratia
1157 1588 1191 1643 et
1214 1577 1421 1644 auctoritate

184 1682 342 1760 floreret,
373 1701 444 1764 qua
476 1680 598 1745 decem
626 1680 699 1745 fere
731 1677 832 1745 annis
863 1689 944 1745 ante
974 1689 1054 1765 post
1084 1678 1228 1765 triginta
1252 1690 1421 1765 tyrannos

184 1783 350 1867 expulsos
373 1804 458 1848 usus
482 1793 565 1861 erat,
597 1780 790 1865 probabilis
813 1804 898 1847 sane
922 1792 975 1848 est
997 1781 1200 1848 coniectura
1223 1804 1303 1848 eum
1326 1783 1420 1850 bello

185 1884 414 1950 Corinthiaco
449 1883 726 1950 Atheniensibus
764 1885 980 1969 praefectum
1025 1886 1231 1951 obscurasse
1268 1885 1420 1972 priorem

184 1987 335 2072 gloriam
358 1987 459 2054 clade
483 1986 543 2051 illa
566 1987 611 2052 ad
635 1986 846 2052 Corinthum
869 1989 1088 2073 acceptam).
1134 1987 1254 2073 Atque
1277 1989 1420 2055 accede·

184 2092 254 2171 bat,
277 2090 373 2175 quod
398 2090 522 2155 eodem
545 2090 618 2155 fere
640 2099 799 2175 tempore
820 2088 948 2155 Cnidia
964 2089 1111 2157 victoria
1127 2101 1303 2176 reportata
1319 2091 1421 2157 Cono

186 2192 346 2258 Athenas
370 2192 482 2272 rediit,
507 2213 625 2258 muros
649 2191 867 2273 restauravit,
891 2192 1047 2258 omnium
1070 2192 1192 2259 laudes
1216 2192 1422 2278 animosque

186 2295 222 2360 in
255 2317 293 2361 se
325 2294 572 2377 convertittsst.
619 2295 746 2380 Neque
776 2305 894 2361 tamen
917 2294 978 2360 diu
1002 2295 1153 2361 Athenis
1175 2307 1330 2362 moratus
1353 2296 1422 2361 iarn

187 2397 243 2462 Ol.
260 2397 335 2481 96,4
359 2397 456 2478 (vere
479 2397 563 2462 anni
586 2420 615 2462 a.
634 2397 716 2463 Chr.
733 2419 766 2462 n.
784 2399 861 2482 392)
874 2400 927 2481 ⁵⁹)
951 2398 996 2462 ad
1012 2396 1224 2479 Tiribazum,
1247 2409 1422 2485 satrapem

187 2498 300 2585 regis,
332 2501 510 2586 profectus
540 2511 608 2582 est,
640 2511 679 2566 ut
701 2499 1063 2567 Lacedaemoniorum
1087 2499 1348 2567 criminationes
1372 2502 1422 2567 in·

186 2602 372 2687 fringeret,
410 2602 440 2668 si
474 2604 579 2669 modo
613 2605 803 2689 posset60).
871 2602 968 2686 Quid
1002 2601 1111 2688 igitur
1143 2602 1284 2684 mirum,
1325 2606 1421 2689 quod

255 2772 299 2840 56)
318 2770 356 2828 cf.
376 2772 441 2825 Rau.
459 2789 499 2827 vv.
519 2772 584 2827 1431
604 2790 642 2844 sq.
660 2776 688 2827 et
705 2773 871 2828 Roeeherum
887 2773 904 2827 I
922 2773 939 2826 l.
957 2791 982 2844 p.
1000 2772 1058 2828 312.

256 2857 300 2927 57)
317 2857 381 2911 Jure
406 2858 457 2912 hoc
483 2875 514 2912 ex
538 2859 596 2913 loco
616 2858 730 2929 quodam
747 2859 859 2930 Lysiaeo
879 2859 954 2927 (orat
973 2859 1051 2924 XVI,
1076 2860 1117 2928 15)
1137 2859 1302 2929 collegerunt
1319 2860 1424 2915 Sievers

188 2940 204 2997 1.
225 2943 242 2996 l.
260 2962 284 3013 p.
305 2943 360 3008 104,
379 2943 487 2998 Grotius
504 2944 521 2997 l.
539 2943 556 2998 l.
573 2962 598 3014 p.
616 2944 674 3010 246,
691 2944 859 3013 Frohberger
875 2945 893 2998 1
910 2944 927 2998 l.
944 2962 968 3014 p.
986 2945 1044 3009 438,
1063 2944 1169 2999 Curtius
1186 2945 1203 2998 l.
1221 2946 1237 2999 l.
1255 2963 1279 3015 p.
1299 2946 1355 3000 179.

259 3028 302 3096 58)
320 3027 359 3082 cf.
376 3028 442 3083 Xen.
460 3029 506 3083 11.
524 3030 568 3083 IV.
586 3030 610 3084 8.
628 3030 651 3084 9.
664 3047 734 3099 sqq.;
751 3029 830 3084 Diod.
842 3030 912 3095 XIV,
929 3030 977 3094 85;
995 3030 1104 3083 Isocrat
1118 3030 1149 3092 V,
1168 3030 1200 3084 63
1213 3047 1257 3098 eq,
1275 3031 1314 3083 IX
1326 3031 1359 3085 56
1371 3048 1424 3100 eq.;

175 3114 327 3184 'Demosth
349 3114 404 3180 XX,
431 3114 465 3169 68
486 3132 550 3186 sqq,
574 3115 659 3181 XXII,
686 3115 734 3180 723
759 3115 854 3184 Nepet.
879 3113 978 3169 Conon.
1003 3116 1026 3179 4,
1052 3114 1166 3168 Timoth.
1184 3115 1201 3168 4
1208 3137 1215 3180 ;
1238 3115 1316 3184 Trog.
1333 3116 1424 3184 Pomp.

191 3199 263 3269 apud
280 3199 374 3253 lustin.
392 3200 437 3266 VI,
455 3200 478 3266 5,
495 3201 512 3255 8
530 3217 600 3270 sqq·;
617 3200 712 3255 Athen.
730 3201 750 3266 I,
768 3217 793 3270 p.
811 3200 828 3254 3
847 3200 870 3253 d

258 3284 782 3356 59JGtX0n0pu1.r1v.8.1tsq,
807 3284 887 3340 Diod.
903 3284 974 3339 XIV.
991 3284 1031 3338 85.
1074 3286 1114 3338 De
1133 3302 1209 3351 anno,
1236 3303 1288 3355 quo
1306 3284 1421 3340 Cononis

189 3371 240 3425 iter
263 3370 299 3425 sit
317 3374 483 3440 susceptum,
507 3373 561 3426 iem
577 3372 648 3426 inter
666 3388 757 3426 omnes
776 3374 888 3426 constet
923 3369 961 3425 of.
980 3369 1119 3425 Goetzium
1137 3371 1154 3425 l.
1172 3372 1188 3427 I
1205 3388 1230 3441 p.
1248 3371 1265 3426 8
1283 3371 1342 3426 adn
1362 3372 1423 3439 18a,

189 3456 317 3510 Fuhrium
339 3456 432 3526 Ilp.
453 3458 484 3511 17
502 3457 562 3511 edu
581 3458 603 3511 1.
1018 3513 1020 3517 .

258 3542 302 3611 60)
322 3541 392 3608 Qud
409 3542 612 3597 Lacedaemonii
630 3541 732 3597 (lenoni
756 3542 858 3597 erImini
881 3543 1022 3607 verterint,
1047 3560 1063 3597 a
1080 3543 1259 3614 Xenophonte
1276 3544 1319 3598 hie
1336 3544 1424 3598 verbis

188 3627 333 3682 indicatur:
359 3629 382 3680 οἱ
407 3628 435 3682 δὲ
454 3628 652 3695 Λακεδαιμόνιοι
676 3626 815 3688 ἀκούοντες
833 3623 872 3681 ὅτι
891 3628 981 3681 Κόνων
999 3629 1043 3681 καὶ
1061 3626 1089 3681 τὸ
1109 3636 1192 3697 τεῖχος
1209 3636 1262 3690 τοῖς
1279 3626 1426 3695 Ἀῧηυαίσις

189 3714 219 3766 ἐκ
243 3718 293 3766 τῶν
318 3714 445 3781 βασιλέως
468 3714 608 3782 χρημάτων
627 3709 746 3781 α’νσρξτσίὴ
765 3715 809 3767 καὶ
827 3713 855 3768 td
875 3713 991 3767 ναυτικὸν
1009 3712 1059 3767 α’πό
1079 3716 1129 3768 τῶν
1148 3715 1243 3770 ἐκείνου
1261 3714 1425 3783 τρέφοντάς

189 3818 217 3852 τε
236 3800 330 3864 νήσους
349 3801 392 3852 καὶ
410 3798 457 3859 τὰς
474 3800 500 3853 ἐν
518 3801 551 3867 τῇ
571 3795 670 3869 η’πεῑρῳ
688 3799 757 3865 παρὰ
777 3798 904 3854 θάλατταν
923 3800 1009 3859 πόλεις
1026 3796 1173 3866 Ἀἵηναῑσις
1191 3799 1346 3867 εὐτρεπίζοι,
1372 3800 1425 3854 ἐνὸ-

190 3903 274 3950 μισαν,
295 3884 316 3936 εἰ
334 3886 415 3938 ταῦτα
433 3884 578 3939 διδάσκοιεν
596 3886 731 3956 Τιρίβαζον
751 3886 877 3952 βασιλέως
895 3883 956 3938 ὄντα
975 3884 1125 3953 στρατηγόν,
1143 3880 1161 3952 il
1180 3887 1224 3940 κα1
1237 3882 1382 3950 ἀποστῆσαι
1394 3880 1425 3938 ἄν

190 3968 253 4035 πρὸς
277 3969 381 4029 ἑαυτοὺς
399 3969 442 4023 τὸν
461 3971 597 4038 Τιρίβαζον
622 3967 641 4036 ii
659 3972 757 4023 nedoni
774 3967 798 4037 γ’
817 3964 848 4023 ih
865 3970 894 4024 τό
915 3969 1033 4031 Κόνωνος
1050 3971 1165 4024 ναυτικὸν
1184 3974 1306 4038 τρέφοντα
1324 3970 1356 4025 ef.
1373 3971 1390 4025 1
1407 3971 1425 4024 l.

190 4055 235 4109 IV.
253 4054 277 4109 8.
296 4056 336 4110 12.
370 4055 446 4110 Idem
463 4056 519 4110 fere
535 4055 620 4109 tradII
636 4055 727 4126 Nepos
745 4056 772 4110 in
790 4056 847 4110 rite
865 4055 980 4111 Cononis
999 4073 1019 4112 n
1032 4058 1055 4112 5.
1089 4056 1122 4111 Id
1139 4058 1222 4127 igitur
1239 4057 1285 4111 ille
1297 4056 1350 4111 iem
1363 4073 1427 4126 age-

193 4140 248 4206 bat,
266 4143 298 4194 ut
315 4141 445 4207 civitates,
463 4158 530 4211 quae
549 4145 626 4195 erant
643 4142 713 4196 intre
730 4159 803 4196 mare
815 4142 960 4210 Aegaeum,
976 4142 1065 4197 Persis
1077 4143 1288 4212 imprudentibus
1301 4174 1332 4179 —
1344 4142 1427 4197 Phar·

192 4225 321 4280 urbanum
339 4227 450 4282 navibus
464 4230 492 4281 et
503 4227 616 4297 pecunia
629 4227 751 4281 orbatum
764 4226 838 4281 Cone
851 4227 970 4281 Athenae
982 4227 1114 4283 rediIurus
1126 4229 1264 4282 remiserat
1276 4227 1382 4282 domum
1394 4260 1425 4266 —

94 4332 101 4344 ’
191 4312 218 4366 in
236 4312 438 4368 AtheniensIum
458 4312 590 4368 dicionem
608 4315 636 4366 et
653 4315 816 4383 potestatem
834 4311 974 4382 redigeret.
1009 4312 1104 4383 Itaque
1122 4314 1202 4367 etiam
1220 4330 1279 4367 oum
1296 4312 1426 4381 Euagora,

191 4414 255 4467 rege
273 4398 436 4469 Cypriorum,
457 4398 503 4470 qui
521 4396 655 4452 Cononem
673 4400 736 4467 post
753 4414 870 4467 pugnam
888 4396 923 4451 ad
940 4397 1085 4467 Arginusee
1103 4399 1201 4454 sectam
1218 4398 1335 4468 hospitio
1353 4413 1426 4451 exce·

192 4485 274 4553 perat,
292 4486 354 4553 post
368 4485 424 4539 eius
437 4484 552 4538 reditum
563 4482 669 4553 publice
682 4484 740 4536 eret
751 4481 842 4537 iuncte
854 4482 972 4537 amicitia
985 4482 1026 4552 (ot
1039 4483 1148 4538 Isocrat
1161 4483 1206 4549 IX,
1220 4483 1253 4537 56
1266 4483 1323 4552 sq),
1335 4498 1427 4551 quem·

1179 4567 1220 4624 2*
