3242 4867
693 54 883 120 ..7-

172 236 255 311 pata
285 235 355 306 est,
386 248 503 312 neque
532 249 553 293 a
577 229 815 313 Xenophonte
844 225 1018 295 amicitiae
1041 239 1121 315 post
1143 226 1325 295 victoriam
1348 228 1403 293 fir·

172 326 263 394 mins
286 326 497 396 coniunctae
519 330 592 397 ulla
614 331 652 397 fit
674 330 816 399 mentio.

259 430 332 495 Iam
364 432 409 497 de
432 430 648 517 Argivorum
677 431 1013 518 Corinthiorumque
1045 433 1189 500 foedere
1220 453 1266 499 ne
1296 434 1405 498 verbo

173 531 317 617 quidem
347 532 422 619 egit
446 536 657 621 Xenophon.
705 535 880 603 Nimirum
904 546 1091 623 postquam
1114 534 1349 602 Athenienses
1372 545 1406 601 et

173 636 326 702 Boeotos
358 634 506 703 consilia
537 638 815 707 communicasse
847 637 1040 719 enarravit,
1073 636 1133 704 illa
1155 636 1331 705 sociorum
1355 635 1405 702 in·

171 748 349 804 crementa
372 738 474 823 quasi
496 739 588 806 ultro
611 762 688 808 esse
711 742 804 809 facta
820 762 968 826 eamque
984 742 1030 806 ob
1045 761 1188 807 causam
1204 740 1295 825 pede
1309 738 1404 806 sicco

171 839 308 925 putavit
329 839 398 908 sibi
420 844 636 909 transeunda
659 865 745 911 esse.
791 845 871 910 Hoc
894 854 1011 910 tamen
1034 841 1070 909 in
1092 844 1306 908 Boeotorum
1329 864 1404 908 ora·

171 940 268 1009 tione
290 944 395 1028 plane
420 942 589 1011 indicavit
610 966 672 1013 eos
694 957 778 1027 tum,
809 968 889 1013 cum
912 943 1148 1013 Athenienses
1170 946 1405 1024 tentabantur,

173 1045 462 1114 Lacedaemoniis
474 1049 632 1114 nondum
644 1049 776 1116 bellum
786 1047 963 1116 indixisse.
988 1046 1157 1134 Legimus
1169 1046 1327 1115 eniml.l.
1341 1047 1401 1112 ΙΙΙ.

174 1162 203 1230 5.
230 1165 265 1214 11
290 1170 342 1235 sq.
386 1145 438 1225 τίς
460 1148 520 1236 γὰρ
543 1145 602 1242 ’ήδη
624 1148 860 1218 καταλείπεται
882 1142 1165 1236 abscissionis,
1187 1142 1403 1235 αύκἈργεῐοι

172 1247 236 1332 μὲν
256 1243 308 1315 ἀεί
330 1274 411 1317 ποτε
433 1251 604 1336 δυσμενεῖς
626 1245 737 1330 αὐτοῖς
758 1249 979 1339 ύπύρχουσιν;
1008 1300 1179 1320 .........
1203 1248 1406 1335 Κορινθίους
1449 1310 1452 1314 .

171 1350 208 1417 δὲ
222 1351 279 1417 καί
289 1346 457 1438 Ἀρκάδας
471 1354 527 1442 καί
537 1348 692 1435 Ἀχαιούς
706 1353 739 1421 τί
753 1356 808 1442 φῶ
810 1379 880 1440 μεν,
905 1352 941 1422 οἳ
953 1354 988 1420 ἐν
1002 1354 1064 1438 μὲν
1077 1359 1124 1442 τῷ
1139 1353 1225 1441 πρὸς
1239 1349 1324 1439 ύμᾶς
1339 1378 1404 1421 πο·

174 1451 263 1542 λίμιμ
279 1450 369 1539 μύλα
384 1454 618 1542 λιπαρούμενοι
634 1451 688 1524 ὑπ’
705 1455 837 1524 ἐκείνων
852 1454 987 1523 πάντων
995 1455 1052 1523 καὶ
1062 1454 1174 1524 πόνων
1185 1455 1241 1522 καί
1250 1453 1404 1522 κινδύνων

172 1555 229 1622 καί
259 1561 324 1622 τῶν
346 1557 591 1647 δαπανημάτων
613 1565 776 1646 μετεῖχον,
810 1559 886 1628 ἐπεὶ
908 1554 938 1625 d'
961 1556 1111 1647 ἔπραξαν
1131 1554 1154 1626 ἃ
1176 1556 1350 1643 ἐβούλοντο
1373 1556 1403 1627 σί

171 1658 452 1745 Λακεδαιμόνιοι,
483 1659 585 1741 ποίας
606 1655 627 1752 ἢ
653 1657 753 1753 ἀρχῆς
777 1657 797 1749 ’ὴ
819 1665 917 1752 τιμῆς
938 1657 959 1751 ἢ
981 1661 1088 1730 ποίων
1109 1659 1282 1751 χρημάτων
1303 1685 1404 1747 μετα-

169 1759 352 1829 δεδώκασιν
367 1758 497 1846 αύτοῖςς
521 1768 640 1853 Atque
660 1767 865 1835 Corinthios
883 1766 953 1834 iam
971 1767 1056 1835 belli
1071 1766 1170 1834 initio
1187 1765 1404 1834 abalienatos

169 1889 190 1932 a
217 1868 508 1937 Lacedaemoniis
538 1869 818 1938 communicasse
848 1869 997 1937 consilia
1027 1892 1108 1937 cum
1140 1867 1303 1955 Argivis,
1343 1868 1404 1954 qui

169 1968 402 2055 sempiternas
425 1994 506 2039 cum
529 1972 598 2039 illis
621 1975 794 2059 gerebant
816 1971 1027 2053 inimicitias,
1059 1970 1115 2039 his
1139 1970 1257 2038 verbis
1280 1972 1404 2038 confir·

172 2082 304 2138 matur:
327 2065 412 2138 ἀλλὰ
436 2069 628 2151 Παυσανίας
642 2072 703 2158 μὲν
718 2069 736 2137 ὁ
750 2072 904 2157 βασιλεύς
918 2070 1093 2159 ἐπορεύετο
1108 2069 1156 2150 είς
1169 2071 1226 2161 τὴν
1242 2068 1405 2138 Βοιωτίαν

75 2185 79 2193 “
168 2169 207 2238 τύ
236 2197 271 2238 τε
300 2169 434 2240 οἴκοθεν
464 2171 546 2256 ἔχων
576 2171 761 2262 στράτευμα
791 2173 849 2241 καί
878 2173 917 2240 τὸ
946 2173 982 2240 ἐκ
1010 2171 1279 2262 Πελοποννήσου,
1319 2172 1405 2261 πλὴν

170 2273 346 2361 Κορίνθιοι
378 2271 436 2343 ούκ
466 2271 668 2365 ἠκολούθουν
699 2271 812 2355 αὐτοῖς
842 2280 877 2361 (l.
912 2279 933 2344 l.
966 2278 1026 2344 ΙΙΙ.
1059 2281 1172 2362 5ξ17).
1219 2277 1316 2363 Quid
1339 2275 1404 2364 igi·

169 2389 227 2448 tur
249 2390 302 2447 est
324 2380 398 2447 veri
420 2380 568 2448 similius
591 2403 698 2469 quam
721 2380 800 2448 illos
825 2379 1000 2467 Lysandri
1023 2380 1220 2448 calamitate
1242 2379 1402 2447 nuntiata

170 2493 291 2567 aperte
313 2505 393 2550 cum
416 2483 562 2571 Argivis
581 2486 794 2551 Boeotorum
818 2506 962 2551 causam
976 2482 1197 2569 suscepisse?
1242 2483 1402 2551 Comme·

170 2596 352 2652 morantur
374 2585 410 2652 in
432 2586 573 2653 illorum
594 2586 701 2654 sociis
724 2585 876 2672 primum
898 2596 980 2652 ante
1002 2606 1170 2671 pugnam,
1194 2607 1285 2671 quae
1307 2608 1402 2652 anno

169 2705 234 2771 394
257 2689 303 2754 ad
325 2689 495 2757 Nemeam
518 2701 570 2758 est
593 2689 779 2758 commissa
798 2690 819 2755 l.
836 2691 857 2756 l.
876 2689 936 2756 IV.
953 2704 1049 2770 2.s17.
1096 2687 1271 2755 Videntur
1285 2697 1402 2753 tamen

170 2789 240 2855 iam
255 2789 435 2877 aliquanto
451 2803 554 2861 antea
572 2834 613 2843 -
629 2795 777 2861 fortasse
791 2790 910 2859 statim
926 2802 1005 2878 post
1020 2812 1178 2880 pugnam
1194 2789 1402 2857 Haliartiam

169 2893 301 2959 factum
331 2906 385 2961 est
406 2935 447 2944 -
469 2906 504 2963 et
527 2894 703 2963 Corinthii
730 2907 765 2963 et
787 2894 916 2981 Argivi
939 2892 1300 2961 Lacedaemoniorum
1323 2915 1403 2960 cum

170 2992 331 3061 hostibus
342 3017 385 3062 se
401 2996 633 3065 coniunxisse.
680 2997 819 3065 Etenim
836 3018 918 3064 vere
932 2998 984 3079 ²⁶)
1000 2995 1083 3062 anni
1099 3014 1163 3081 394
1179 2997 1224 3062 ad
1241 2994 1402 3081 Agesila-

150 3089 230 3159 ‘um
260 3116 381 3182 regem
410 3096 446 3163 in
476 3098 599 3165 Asiam
629 3098 699 3165 iam
728 3110 804 3166 erat
833 3099 975 3165 allatus.
990 3097 1134 3165 nuntius
1163 3094 1224 3173 τὰς
1248 3093 1403 3180 μεγίστας

170 3190 288 3274 πόλεις
316 3196 543 3286 συνεστηκυίας
573 3198 631 3266 ἐπὶ
662 3187 805 3288 πολέμῳ
831 3198 917 3287 πρὸς
938 3198 1013 3275 τούς
1034 3194 1322 3282 Λακεδαιμονίους
1344 3199 1400 3280 (cf.

170 3301 261 3368 Xen.
285 3302 305 3367 l.
329 3300 350 3367 l.
376 3302 436 3369 IV.
460 3319 489 3368 2.
517 3319 555 3386 1;
578 3301 681 3370 Diod.
706 3304 803 3384 XIV,
827 3304 892 3384 83).

258 3404 391 3470 Verum
413 3416 453 3471 ut
475 3406 659 3473 redeamus
681 3406 726 3472 ad
749 3403 1012 3485 Philochorum,
1042 3424 1088 3470 ne
1111 3402 1147 3469 in
1170 3404 1236 3470 hac
1259 3401 1402 3489 quidem

170 3527 208 3573 re
240 3529 261 3572 a
293 3505 531 3594 Xenophonte
571 3530 652 3576 eum
684 3506 872 3576 recessisse
902 3505 1129 3573 iudicandum
1159 3516 1220 3573 est.
1284 3507 1328 3572 Et
1357 3506 1401 3573 de

169 3608 334 3678 contione
364 3609 441 3696 ipsa
474 3609 765 3692 Atheniensium,
796 3631 868 3695 qua
895 3610 1021 3676 foedus
1053 3620 1088 3677 et
1110 3607 1298 3676 amicitiam
1320 3631 1401 3676 cum

171 3710 332 3778 hostibus
347 3713 515 3794 fecerunt,
538 3712 568 3780 si
583 3712 696 3779 fusius
711 3711 901 3779 dicendum
917 3711 968 3778 illi
983 3732 1054 3779 non
1070 3723 1123 3778 est
1137 3710 1260 3793 visum,
1284 3722 1401 3778 tamen

171 3836 251 3881 eum
275 3813 545 3882 Atheniensium
568 3838 648 3883 cum
666 3814 810 3882 Boeotis
832 3814 1033 3882 societatem
1056 3814 1251 3882 seiunctam
1274 3816 1318 3884 ab
1334 3814 1400 3880 Ar·
1471 3837 1475 3841 ·
1496 3845 1501 3848 v

171 3915 335 4003 givorum
346 3916 680 4004 Corinthiorumque
692 3939 874 3985 enarrasse
884 3916 1047 4003 equidem
1056 3939 1262 4003 persuasum
1274 3918 1399 3984 habeo

170 4020 214 4085 Et
243 4020 310 4087 hac
343 4019 479 4087 ratione
501 4031 617 4105 potest
638 4020 818 4108 explicari,
849 4021 947 4108 quod
978 4021 1074 4106 apud
1096 4018 1330 4100 scholiastam,
1362 4030 1401 4085 ut

169 4121 372 4203 statuimuS,
400 4120 467 4190 fuit
494 4121 680 4209 scriptum:
716 4118 896 4210 Φιλόχορος
928 4116 1050 4207 ἱστορεῖ
1078 4115 1129 4187 ὅτι
1151 4119 1218 4208 πρὸ
1241 4116 1298 4187 δύο
1320 4118 1401 4187 ἑτῶν

237 4342 281 4406 26)
300 4340 339 4399 Oi
355 4344 422 4399 Xon
438 4344 456 4400 λ
471 4343 489 4400 l.
506 4343 545 4399 IV
564 4345 585 4400 1.
602 4345 649 4401 41:
668 4342 760 4414 σχεδὸν
779 4343 807 4399 δὲ
827 4344 871 4397 καὶ
891 4343 935 4410 ἔαρ
952 4339 1007 4411 ἤδη
1026 4339 1169 4408 ὑπέφαινεν.

1568 95 1607 210 i.

1596 295 1611 332 ht

1604 347 1617 436 λ
