3242 4867
729 128 941 192 -32-

212 297 358 378 nacula,
393 319 485 382 quae
517 297 584 365 illis
615 296 824 364 dicebantur
855 296 1000 378 tradita,
1031 320 1068 364 re
1101 320 1184 365 vera
1206 298 1450 380 accessissent,

212 400 275 466 sed
298 398 381 465 duci
403 399 554 465 feminae
576 399 664 465 nihil
688 400 756 467 nisi
779 402 952 467 bonorum
976 401 1233 487 mulierumque
1248 403 1451 468 communio

214 501 394 567 videretur
416 525 480 588 pro
505 502 651 589 imperio
676 502 891 569 instituenda
915 504 983 585 (vv.
1008 520 1069 584 711
1094 506 1200 590 sqq),
1231 515 1355 591 postea
1379 527 1451 570 non

213 615 376 691 poterant
399 603 541 691 prodire
565 615 744 691 praetores
767 607 824 671 vel
848 604 982 671 iudices
1006 628 1122 672 rerum
1142 607 1451 673 commutationem

213 717 480 792 conquerentes.
527 708 649 793 Itaque
681 708 907 774 continuatur
939 708 1140 794 argumenti
1166 709 1249 775 inde
1272 732 1293 774 a
1315 710 1450 796 parodo

213 809 326 895 magis
350 809 534 896 magisque
558 811 694 897 delapsi
716 810 905 891 humilitas
930 811 965 876 id
989 814 1085 896 quod
1108 811 1195 890 satis
1215 811 1319 878 etiam
1336 813 1449 879 decla-

212 923 309 979 ratur
348 912 597 999 languidarum
637 913 944 1000 percontationum
984 925 1019 980 et
1060 914 1330 1001 responsionum
1359 914 1451 980 serie

211 1015 353 1102 saepius
377 1016 562 1082 decantata
585 1018 681 1083 velut
704 1041 759 1083 vv.
784 1032 846 1099 773
870 1040 957 1102 sqq,
992 1033 1055 1101 799
1077 1040 1164 1103 sqq,
1197 1018 1259 1082 862
1282 1040 1370 1102 sqq,
1405 1019 1448 1083 cf.

214 1142 269 1184 vv.
294 1116 360 1200 436
386 1140 462 1204 sqq.

300 1221 487 1287 Praeterea
519 1243 578 1303 ea,
612 1243 704 1308 quae
734 1233 815 1308 post
845 1222 1026 1308 parabasis
1055 1222 1172 1289 locum
1204 1222 1356 1309 legimus
1379 1224 1449 1304 (vv.

215 1339 279 1404 730
301 1324 392 1409 sqq.)
423 1323 454 1390 si
485 1335 734 1411 comparantur
761 1346 842 1391 curn
865 1324 1042 1410 prioribus
1065 1324 1210 1406 fabulis,
1242 1324 1323 1390 item
1347 1324 1451 1391 aliam

213 1427 402 1493 ostendunt
425 1427 663 1493 mutationem.
710 1427 849 1493 Etenim
870 1427 961 1494 sicut
976 1451 1084 1515 supra
1099 1427 1262 1508 vidimus,
1285 1427 1450 1514 parabasi

215 1539 391 1594 transacta
424 1542 670 1614 argumentum
701 1553 772 1595 non
802 1551 943 1616 semper
969 1533 1121 1597 eundem
1143 1540 1260 1597 servat
1283 1540 1450 1610 tenorem,

213 1632 276 1697 sed
299 1631 473 1697 interdum
490 1631 692 1698 dissolvitur
709 1632 744 1697 in
760 1633 886 1713 varias,
910 1655 997 1718 quas
1014 1633 1096 1714 dixi,
1121 1632 1303 1719 imagines.
1344 1632 1451 1716 Quod

214 1733 308 1800 cadit
330 1733 435 1800 etiarn
458 1733 495 1800 in
511 1734 782 1802 Ecclesiazusas.
829 1736 901 1803 Sed
925 1747 1058 1821 quanto
1074 1735 1293 1803 discrimine!
1319 1735 1358 1799 ln
1374 1734 1452 1800 aliis

212 1836 341 1903 fabulis
373 1838 470 1903 velut
501 1836 537 1902 in
562 1837 665 1904 Pacis
691 1848 725 1904 et
748 1838 879 1904 Avium
903 1838 972 1904 alia
995 1861 1052 1905 res
1075 1838 1234 1924 sequitur
1256 1837 1380 1918 aliam,
1415 1847 1453 1903 ut

215 1950 355 2025 poetam
378 1939 542 2006 omnibus
565 1939 700 2006 viribus
723 1940 844 2007 videas
869 1940 904 2006 id
927 1940 1053 2026 egisse,
1078 1951 1116 2007 ut
1138 1962 1311 2006 novarum
1334 1961 1451 2005 rerum

214 2052 361 2108 eventus
392 2041 551 2128 pluribus
583 2064 689 2128 quam
721 2042 904 2109 latioribus
936 2056 971 2109 et
1002 2042 1259 2131 copiosioribus
1282 2041 1452 2127 exemplis

217 2146 420 2211 ostenderet
452 2155 761 2232 spectatorumque
792 2146 928 2213 animos
955 2146 1149 2212 variatione
1173 2158 1207 2211 et
1228 2144 1452 2211 festinatione

214 2258 350 2313 teneret
387 2247 538 2328 deliimS,
578 2270 624 2313 ne
658 2247 755 2314 hisce
787 2250 892 2314 rebus
926 2248 1121 2315 minoribus
1155 2258 1397 2314 averterentur
1432 2270 1452 2311 a

214 2371 359 2415 summa.
407 2348 518 2416 Cuius
542 2349 684 2435 quidem
708 2349 847 2417 consilii
863 2350 899 2415 in
915 2361 1036 2417 nostra
1051 2351 1170 2417 fabula
1186 2350 1283 2415 nulla
1299 2349 1451 2435 vestigia

215 2450 521 2538 deprehendimus,
544 2455 608 2519 sed
624 2453 705 2534 duo,
721 2474 814 2538 quae
829 2454 1000 2520 habemus
1016 2453 1176 2538 exempla
1192 2452 1275 2518 inde
1291 2474 1312 2517 a
1327 2475 1359 2517 v.
1376 2467 1450 2533 730,

215 2566 329 2621 tantas
352 2545 529 2622 ducuntur
552 2577 616 2642 per
638 2557 826 2642 ambageS,
857 2567 895 2622 ut
917 2578 980 2643 per
1002 2577 1041 2622 se
1062 2555 1108 2622 sit
1131 2555 1371 2635 manifestum,
1400 2554 1451 2640 ip·

214 2680 333 2724 sorum
364 2681 471 2725 causa
502 2680 544 2724 ea
575 2680 652 2725 esse
684 2658 789 2725 allata
820 2681 937 2745 neque
960 2658 1085 2724 maiori
1114 2657 1341 2744 graviorique
1370 2659 1451 2724 sub·

219 2760 320 2846 iungi
343 2760 502 2827 oonsilio.
548 2762 667 2847 Atque
691 2761 726 2826 in
743 2772 839 2827 tanta
855 2762 1077 2843 verbositate,
1101 2784 1171 2846 qua
1193 2760 1363 2848 imprimis
1379 2782 1451 2824 mu·

215 2863 340 2929 lierum
364 2863 564 2930 communio
588 2864 744 2930 calcatur
766 2875 801 2930 et
816 2864 1021 2944 traducitur,
1046 2864 1082 2929 id
1098 2874 1281 2950 praeterea
1296 2862 1450 2942 offendit,

215 2967 311 3052 quod
350 2988 441 3051 quae
470 2977 629 3033 suaserat
659 2966 865 3047 consilium,
906 2969 1127 3053 Praxagora,
1167 2967 1245 3053 ipsa
1275 2988 1347 3032 non
1381 2965 1448 3030 iam

215 3069 346 3155 agendi
379 3068 528 3156 suscipit
558 3079 685 3156 partes.
748 3069 839 3136 Aliis
871 3080 988 3135 autem
1021 3069 1056 3135 in
1086 3069 1215 3135 fabulis
1248 3068 1284 3134 id
1313 3089 1452 3153 semper

215 3172 366 3238 vidimus
397 3172 472 3239 fieri
503 3194 569 3240 nec
592 3172 668 3239 fieri
689 3172 767 3239 sine
790 3194 906 3240 causa.
954 3173 1077 3258 ltaque
1099 3194 1144 3238 ne
1167 3171 1286 3258 specie
1309 3170 1451 3257 quidem

215 3275 357 3340 fabulae
388 3297 470 3361 pars
497 3273 670 3361 posterior
700 3274 930 3360 coniungitur
957 3297 1037 3341 cum
1059 3272 1310 3361 principio¹⁸).
1356 3272 1451 3356 Quin

217 3377 331 3458 etiam,
355 3399 447 3463 quae
470 3376 570 3442 initio
594 3388 737 3464 propter
760 3376 896 3463 ingenii
918 3377 1110 3444 sollertiam
1128 3378 1174 3443 ad
1189 3389 1376 3463 praeturae
1391 3376 1452 3440 ho·

217 3501 320 3545 nores
351 3490 426 3545 erat
455 3489 595 3560 evecta,
631 3490 669 3544 ut
700 3491 948 3564 argumentum
971 3502 1035 3566 per
1057 3479 1198 3546 fabulae
1221 3479 1452 3545 decursuma

216 3580 266 3647 rei
292 3580 457 3668 publicae
479 3581 693 3648 sublimitate
717 3582 762 3647 ad
785 3603 902 3648 rerum
926 3581 1197 3648 domesticarum
1221 3580 1453 3646 humilitatem

217 3694 269 3750 est
292 3684 487 3770 delapsum,
519 3682 596 3770 ipsa
619 3696 672 3751 est
695 3685 775 3750 loco
800 3683 937 3772 deiecta
960 3697 994 3751 et
1017 3684 1052 3749 in
1075 3685 1216 3750 fabulae
1240 3683 1335 3749 exitu
1358 3682 1452 3748 vide·

216 3798 273 3853 tur
304 3785 394 3852 inter
424 3785 575 3872 parietes
607 3785 761 3854 coercita
790 3808 863 3853 non
895 3786 1068 3873 imperare
1098 3786 1167 3852 nisi
1197 3785 1309 3852 servis
1335 3795 1370 3851 et
1392 3806 1452 3849 an·

217 3888 354 3956 cillulis.

303 3993 406 4076 Quae
429 4015 509 4059 cum
533 3993 580 4060 ita
596 3992 675 4073 sint,
699 3991 783 4059 satis
799 3991 885 4057 mihi
901 3992 1024 4059 videor
1040 3994 1309 4072 demonstrasse,
1332 3992 1452 4057 Eccle-

216 4095 431 4162 siazusarum
447 4096 602 4162 fabulam
617 4095 716 4160 nullo
732 4096 838 4159 modo
855 4094 1045 4180 antiquiori
1057 4092 1317 4161 comoediarum
1330 4093 1453 4178 generi

217 4219 293 4263 esse
323 4199 428 4285 plane
460 4198 771 4262 adnumerandam.
827 4198 889 4262 Est
920 4219 961 4262 ea
992 4196 1109 4283 potius
1132 4218 1264 4281 genere
1287 4196 1395 4262 mixto
1419 4207 1453 4261 et

285 4419 328 4490 18)
345 4419 384 4475 (ll
402 4418 479 4472 Beer.
497 4417 513 4470 l.
531 4416 548 4470 l
566 4433 591 4487 p.
612 4417 669 4471 110.
