3242 4867
689 180 881 246 ,3-

168 351 273 418 lieres
296 350 519 417 contionatae
542 359 577 416 et
599 370 715 414 rerum
738 347 871 435 potitae
886 350 1079 434 finguntur,
1102 359 1137 414 et
1152 347 1299 414 hiberno
1318 356 1402 414 tem-

169 476 256 540 pore
279 453 475 520 orationem
498 474 562 537 pro
578 454 683 518 domo
699 451 865 518 habuisse
881 462 1043 517 narratur
1058 453 1189 517 Euae0.
1233 451 1405 516 Narratur

169 555 346 636 habuisse,
369 578 442 622 non
466 554 540 641 ipse
564 566 616 621 est
638 564 826 641 spectatus.
872 555 995 639 ltaque
1017 555 1125 620 fando
1148 555 1253 620 modo
1269 564 1404 639 specta·

169 669 263 725 tores
287 680 364 724 eam
388 680 461 724 rem
484 656 694 723 audiverunt
716 678 833 742 neque
856 656 966 742 ipsius
993 655 1140 723 oratoris
1164 677 1287 722 vocem
1303 654 1403 721 mise-

170 761 317 827 rabilem
341 771 575 846 perceperunt
598 758 760 839 auribus,
792 780 909 844 neque
939 757 1051 825 oculis
1074 769 1213 844 gestum
1240 756 1403 823 omnibus

171 866 317 929 artubus
359 861 659 929 contremiscentis
691 883 891 947 corpusque
922 860 1055 946 frigore
1087 860 1243 927 attritum
1276 861 1404 926 frustra

169 964 369 1031 refoventis.
415 964 518 1049 Quae
541 986 596 1030 res
619 976 745 1050 poetae
768 966 814 1029 ad
829 963 1000 1049 populum
1017 963 1262 1029 delectandum
1278 961 1404 1028 summi

169 1089 256 1135 sane
278 1078 377 1134 erant
400 1066 575 1133 momenti.
622 1067 695 1132 lam
718 1065 748 1133 si
771 1065 822 1132 eis
845 1086 949 1151 posse
972 1066 1083 1132 careri
1097 1076 1404 1151 spectatorumque

170 1170 280 1237 rictus
310 1171 365 1236 vel
389 1172 535 1236 absente
557 1172 726 1235 Euaeone
749 1179 882 1235 motum
906 1167 948 1232 iri
971 1167 1227 1254 Aristophanes
1250 1167 1404 1235 confisus

170 1282 233 1353 est,
264 1271 428 1357 equidem
451 1271 661 1337 crediderim
684 1292 765 1337 eum
786 1282 955 1355 tempore,
987 1292 1058 1356 quo
1080 1271 1199 1335 fabula
1222 1271 1403 1355 agebatur,

170 1373 329 1440 adiutum
352 1374 400 1440 ita
422 1373 558 1440 fecisse.
603 1373 778 1440 Nimirum
801 1372 863 1458 qui
886 1371 953 1458 ipsi
975 1371 1119 1458 frigoris
1142 1372 1311 1459 appulsus
1326 1393 1403 1437 sen·
1475 1446 1477 1449 ¹

172 1476 307 1542 tiebant
338 1487 372 1543 et
401 1472 549 1555 χλαίναις
580 1475 739 1541 obvoluti
770 1476 992 1540 Lenaeorum
1022 1473 1079 1540 die
1109 1476 1198 1541 festo
1230 1474 1265 1539 in
1296 1495 1404 1540 cavea

171 1578 356 1664 spectandi
388 1600 495 1645 causa
527 1578 777 1658 consederant,
816 1577 955 1642 illorum
985 1575 1110 1642 animis
1139 1582 1287 1643 oratoris
1317 1575 1434 1642 nulii·

173 1693 208 1747 et
228 1678 364 1760 χλαίνας
386 1681 537 1767 petentis
567 1680 644 1766 ipsa
673 1678 958 1747 commemoratio
988 1679 1036 1745 ita
1067 1679 1223 1745 admovit
1244 1679 1404 1746 stimulos
1492 1681 1501 1698 ²
1557 1711 1560 1720 =

172 1795 278 1870 atque
301 1784 453 1864 aculeos,
476 1793 515 1848 ut
537 1782 730 1849 cachinnos
752 1793 878 1868 poetae
895 1792 1033 1867 optatos
1048 1781 1219 1847 tollerent.
1266 1782 1305 1848 Si
1320 1804 1404 1848 vero

171 1887 261 1953 acris
291 1886 403 1952 hiems
435 1885 504 1951 iam
533 1885 656 1952 fuisset
687 1896 789 1971 grata
821 1883 899 1951 vice
928 1883 1020 1951 veris
1053 1894 1087 1950 et
1119 1884 1254 1950 Favoni
1277 1884 1403 1964 soluta,

172 2011 296 2055 vereor
333 2011 378 2055 ne
418 2010 473 2054 res
513 1987 631 2054 iocosa
671 1984 909 2073 spectatorum
946 1986 1082 2052 animos
1118 2008 1189 2052 non
1226 1985 1403 2053 movisset.

172 2093 282 2157 Immo
307 2089 487 2177 Dionysiis
519 2090 656 2175 magnis
685 2112 758 2155 non
784 2088 899 2176 potuit
922 2110 999 2155 esse
1021 2111 1093 2155 non
1115 2088 1303 2175 languida,
1336 2088 1405 2155 nisi

172 2197 292 2260 Euaeo
321 2193 397 2280 ipse
428 2193 463 2258 in
494 2215 657 2259 scaenam
689 2192 852 2278 prodibat
881 2202 934 2271 et,
968 2214 1048 2258 cum
1077 2202 1257 2277 peroraret
1286 2213 1405 2258 coram

172 2295 440 2383 spectatoribus,
469 2294 598 2381 specie,
626 2306 740 2379 gestu,
770 2316 858 2360 voce
880 2315 1003 2360 eorum
1026 2293 1162 2374 animis,
1185 2305 1224 2360 ut
1245 2293 1404 2380 percute-

173 2411 304 2480 rentur,
329 2398 528 2465 inculcabat
551 2396 754 2483 opinionem
777 2396 904 2462 hiemis
926 2407 961 2462 et
984 2395 1141 2462 miserias
1163 2396 1354 2482 egentium.

259 2500 409 2567 Lenaeis
425 2500 544 2586 igitur,
560 2511 729 2585 quantum
744 2498 944 2585 perspicere
953 2498 1045 2578 licet,
1062 2509 1099 2564 ut
1111 2498 1404 2581 Acharnensesll,

173 2603 318 2689 Equites
331 2606 370 2683 ⁸),
395 2604 532 2688 Vespas
545 2604 585 2685 ⁹),
612 2601 935 2687 Amphiaraum10),
958 2601 1090 2666 Ranas¹
1105 2601 1131 2681 ¹)
1148 2599 1405 2686 Aristophanes

174 2704 437 2773 Ecclesiazusas
460 2704 496 2770 in
519 2726 684 2771 scaenam
707 2702 853 2770 induxit
899 2703 981 2786 Quo
1004 2713 1122 2768 autem
1144 2724 1238 2768 anno
1259 2702 1404 2770 Atheni-

173 2829 275 2875 enses
308 2809 353 2873 ad
385 2830 462 2874 eam
493 2808 648 2873 fabulam
677 2808 905 2892 spectandam
932 2807 977 2871 ad
999 2807 1173 2871 theatrum
1197 2805 1404 2890 commigra-

173 2910 297 2990 verint,
319 2931 364 2975 ne
387 2911 431 2975 de
454 2911 521 2975 hac
544 2908 687 2994 quidem
710 2930 747 2974 re
770 2908 964 2994 quidquam
987 2909 1157 2973 habemus
1175 2919 1402 2994 compertum.

174 3012 398 3095 Quamquam
424 3020 535 3076 exstat
558 3011 656 3075 adv.
685 3027 742 3094 193
765 3010 976 3076 scholiastae
999 3009 1182 3075 cuiusdam
1205 3009 1402 3075 adnotatio:

173 3111 252 3196 περὶ
283 3110 319 3174 δὲ
348 3114 404 3175 τοῦ
435 3113 638 3194 συμμαχικοῦ
671 3106 852 3195 Φιλόχορος
883 3108 1023 3194 ἱστορεῖ,
1054 3105 1105 3173 ὅτι
1136 3110 1203 3194 πρὸ
1232 3107 1289 3174 δίο
1322 3107 1403 3174 ἑτῶν

175 3211 300 3299 ἐγένετο
331 3207 498 3297 συμμαχία
521 3208 797 3294 Λακεδαιμονίων
826 3210 882 3275 καὶ
908 3210 1073 3276 Βοιωτῶν.
1119 3212 1235 3295 Quam
1259 3213 1403 3278 adnota-

172 3316 302 3383 tionem
349 3317 394 3381 ad
429 3314 571 3380 fabulae
609 3312 774 3379 natalicia
813 3313 1031 3379 enucleanda
1061 3311 1194 3398 primus
1228 3312 1263 3378 in
1302 3336 1404 3380 usum

174 3418 312 3486 vocavit
346 3417 564 3500 Petitus12),
605 3439 685 3482 cum
722 3437 810 3482 voce
841 3411 1117 3497 Λακεδαιμονίων
1154 3414 1190 3480 in
1216 3407 1404 3502 Ἀθηναίων

172 3532 383 3589 commutata
407 3541 448 3587 ea
470 3522 579 3587 verba
602 3521 647 3585 ad
669 3518 872 3586 societatem
895 3518 991 3584 illam
1006 3520 1159 3598 referret,
1183 3541 1288 3604 quam
1304 3542 1402 3605 prae·

258 3710 285 3776 7)
309 3707 347 3764 Cf.
373 3723 472 3777 argum
490 3705 616 3776 ἐδιδάχθη
639 3705 681 3760 ἐπὶ
713 3704 875 3774 Εὐθυδήμου
902 3700 1021 3774 άρχοντος
1047 3703 1072 3758 ἐν
1098 3706 1218 3772 Ληναίοις
1243 3706 1286 3760 διά
1311 3708 1405 3762 Καλλι·
1489 3767 1493 3770 ,
1551 3781 1558 3790 ,
1609 3727 1614 3736 ’

173 3813 203 3848 στ
219 3795 290 3848 άτου.

205 3814 218 3861 ρ
257 3879 285 3945 8)
304 3877 342 3934 Of.
360 3894 453 3949 argum
470 3878 504 3933 Il
522 3877 647 3947 ἐδιδάχθη
673 3876 702 3932 τά
723 3878 810 3945 δράμοι
829 3876 870 3930 ἐπὶ
889 3877 1080 3940 Στρατοκλέους
1097 3874 1216 3946 ἄρχοντος
1233 3879 1348 3948 δημοσίᾳ
1366 3879 1403 3938 εἰς

170 3970 194 4019 Λ
207 3965 281 4019 ’ναια

196 3985 213 4032 η
256 4050 284 4118 9)
303 4049 341 4105 Ol
360 4065 459 4119 argum.
477 4047 497 4103 l
515 4045 701 4123 &diffindi
719 4044 839 4118 ἄρχοντος
855 4045 983 4114 ’Λμεινίον
1002 4084 1147 4100 .........
1159 4047 1195 4108 είς
1213 4047 1323 4114 Λήναια.

243 4136 285 4204 10)
304 4134 342 4191 Οί.
361 4150 462 4204 argum,
475 4133 510 4188 Π.
544 4133 651 4189 Avium:
669 4133 711 4187 tut
725 4134 840 4203 Χαβρίου
854 4132 882 4186 τά
897 4134 984 4197 δρᾶμα
997 4134 1113 4199 καθῆκεν
1128 4133 1164 4192 εἰς
1177 4128 1242 4187 άοτυ
1255 4131 1298 4186 διά
1313 4134 1402 4185 Καλλι-
1502 4173 1505 4178 ⁴

171 4222 294 4286 στράτου·
314 4222 351 4281 εἰς
369 4220 398 4275 δὲ
417 4219 519 4286 Λήναια
535 4218 578 4272 τάν
596 4215 755 4287 Ἀμφιάραον
774 4218 876 4281 ἐδίδαξε
894 4217 938 4273 διά
957 4217 1108 4272 Φιλωνίδου.
1161 4265 1163 4268 .

241 4307 284 4374 11)
302 4306 341 4362 cf.
359 4322 458 4376 argum.
476 4304 496 4360 I.
515 4303 642 4373 ἐδιδάχθη
661 4305 702 4358 ἐπὶ
721 4305 832 4358 Καλλίου
850 4306 895 4357 τοῦ
914 4302 978 4369 μετά
995 4300 1125 4371 ’Λντιγένη
1144 4302 1187 4358 διά
1206 4303 1346 4357 Φιλωνίδου
1366 4304 1402 4362 εἰς

171 4389 281 4458 Λήναια.

242 4477 284 4546 12)
302 4476 447 4531 Miscellau
466 4474 543 4541 lib.I,
561 4491 582 4529 ο.
595 4475 634 4530 15.
1180 4556 1197 4593 *
1233 4525 1236 4530 .

1159 4559 1172 4611 1
