3242 4867
602 102 902 178 v—12-

181 312 220 372 ut
242 300 318 368 visa
340 310 393 367 est
409 299 566 367 Goetzio.
613 302 745 367 Verum
768 311 886 367 tamen
909 301 1032 367 eodem
1055 301 1192 367 laborat
1207 298 1292 366 vitio
1309 311 1416 385 atque

180 403 384 483 Goetziana,
416 392 512 489 quod
539 404 696 489 profecta
718 413 771 470 est
794 426 815 469 a
840 403 944 470 Petiti
965 402 1138 471 sententia
1162 402 1414 469 Philochorum

179 505 450 573 Atheniensium
474 508 759 591 Boeotorumque
781 506 985 572 societatem
1008 505 1084 572 sine
1107 505 1179 570 ulla
1195 504 1415 571 dubitatione

179 609 215 675 in
245 631 338 675 anno
371 607 565 694 Diophanti
594 608 765 694 praetoris
790 609 846 674 Ol.
869 609 943 693 96,2
975 608 1145 695 posuisse.
1192 608 1308 692 Quam
1340 606 1413 693 opi-

176 710 319 778 nionem
348 734 421 777 non
453 712 602 792 habere,
634 734 704 796 quo
738 710 925 792 innitatur,
957 734 1037 778 cum
1066 733 1174 797 supra
1197 711 1413 776 demonstra·

171 812 305 894 verim,
347 812 609 880 Tchorzewskii
640 812 856 899 computatio
887 836 960 880 non
993 824 1107 900 potest
1134 835 1207 879 non
1238 834 1412 879 corruere.

178 915 317 982 Etenim
347 915 438 982 inter
461 914 685 982 Phormionis
716 926 750 981 et
773 915 987 982 Demostrati
1018 914 1160 982 alterius
1187 914 1413 1000 magistratus

178 1016 383 1104 quinque
415 1028 616 1104 praetorum
647 1017 777 1104 integri
807 1018 891 1085 anni
919 1020 1062 1086 fuerunt
1091 1017 1198 1084 medii
1230 1017 1412 1085 interiecti.

177 1121 231 1187 Ac
261 1143 306 1187 ne
330 1120 468 1188 Goetzii
498 1120 641 1207 quidem
673 1121 876 1188 coniectura
907 1121 975 1187 iam
998 1132 1113 1208 potest
1135 1142 1179 1187 ex
1202 1119 1312 1207 ipsius
1334 1142 1411 1187 sen-

176 1222 285 1290 tentia
309 1223 460 1309 probari.
506 1225 598 1289 Nam
620 1223 842 1304 scholiastae,
865 1223 895 1291 si
911 1246 1049 1290 revera
1065 1225 1154 1290 duos
1171 1225 1413 1290 Demostratus

179 1326 269 1392 inter
297 1348 336 1392 se
366 1325 597 1407 confudisset,
636 1326 718 1392 inde
748 1350 768 1392 a
800 1325 1025 1393 Phormionis
1057 1336 1221 1412 praetura
1252 1326 1307 1391 Ol.
1338 1325 1410 1409 96,1

176 1450 289 1514 usque
312 1429 356 1495 ad
380 1428 506 1514 prioris
530 1429 743 1496 Demostrati
766 1423 1010 1514 magistratum
1034 1429 1090 1495 Ol.
1113 1429 1190 1513 96,4
1213 1439 1306 1494 tres
1329 1428 1413 1494 anni
1480 1497 1486 1507 ,

178 1532 320 1597 1119111111
341 1531 559 1597 numerandi.
607 1533 730 1617 Itaque
746 1532 895 1599 Goetzio
918 1533 963 1597 ad
986 1531 1196 1620 sententiam
1218 1553 1318 1598 suam
1337 1553 1412 1598 sus·

179 1635 383 1700 tentandam
406 1633 474 1699 iam
498 1634 585 1699 nihil
609 1633 818 1720 relinquitur
840 1633 909 1701 nisi
932 1645 970 1700 ut
986 1633 1296 1702 Tchorzewskium
1319 1633 1410 1701 eius·

177 1759 248 1822 que
279 1735 450 1803 rationem
481 1736 605 1818 „nimis
632 1735 878 1803 artificiosam“
900 1748 1044 1804 secutus
1066 1736 1169 1803 nobis
1202 1737 1412 1823 persuadeat

176 1839 402 1907 scholiastam
426 1862 486 1906 eos
509 1850 645 1905 tantum
668 1850 848 1925 praetores
871 1838 1078 1926 respexisse,
1111 1839 1172 1926 qui
1196 1838 1286 1905 inter
1303 1841 1411 1905 Phor-

176 1940 329 2009 mionem
359 1955 394 2009 et
417 1944 678 2009 Demostratum
708 1941 862 2028 priorem
892 1942 1101 2029 magistratu
1131 1953 1214 2008 sunt
1244 1942 1410 2008 defuncti.

108 2133 110 2137 Α
176 2043 274 2129 Quid
297 2045 428 2111 multa?
473 2046 546 2111 Iam
568 2045 670 2126 satiS,
701 2046 826 2125 cred0,
858 2046 974 2112 elucet
1003 2069 1047 2113 ex
1076 2045 1287 2112 scholiastae
1318 2044 1410 2112 testi-

175 2146 294 2214 monio
322 2147 373 2213 nil
403 2147 489 2214 certi
518 2170 622 2234 posse
651 2148 744 2215 effici
773 2159 808 2215 et
838 2150 882 2215 de
913 2148 1051 2215 Goetzii
1083 2147 1288 2215 coniectura
1318 2146 1410 2213 idem

175 2272 252 2317 esse
275 2248 522 2331 iudicandum,
553 2251 649 2336 quod
681 2250 794 2317 visum
827 2261 879 2317 est
903 2251 1075 2318 Velseno:
1107 2273 1144 2317 es
1177 2250 1221 2317 ist
1244 2251 1306 2317 das
1329 2252 1412 2317 sehr

174 2352 267 2419 wohl
298 2352 470 2438 moglich,
503 2353 609 2420 allein
640 2354 703 2420 der
731 2364 836 2420 natur
865 2354 928 2420 der
957 2356 1065 2420 sache
1093 2355 1185 2419 nach
1213 2352 1294 2419 sind
1317 2356 1408 2419 auch

177 2455 308 2522 andere
331 2456 605 2541 moglichkeiten
630 2457 798 2537 denkbar,
822 2458 865 2523 cf.
889 2457 910 2522 l.
934 2456 955 2522 l.
980 2480 1012 2543 p.
1037 2474 1108 2540 393.

262 2559 365 2642 Quae
388 2581 468 2625 cum
491 2558 539 2625 ita
561 2558 640 2640 sint,
664 2559 770 2643 plane
792 2559 890 2625 nulla
912 2570 965 2625 est
988 2581 1104 2639 causa,
1128 2581 1191 2626 cur
1208 2558 1263 2624 Ol.
1285 2573 1327 2642 97
1350 2581 1409 2624 an-

175 2682 260 2725 num
290 2660 430 2726 tertium
460 2660 681 2728 retineamus.
728 2661 867 2727 Etenim
897 2684 985 2747 quas
1019 2660 1267 2748 Aristophanis
1299 2660 1410 2746 ipsius

172 2762 321 2829 facetias
348 2764 393 2828 ad
416 2762 654 2830 coniecturam
679 2762 774 2829 illam
797 2763 1044 2830 stabiliendam
1067 2763 1101 2829 in
1126 2786 1229 2829 usum
1250 2785 1353 2829 suum
1377 2773 1412 2828 et

177 2863 387 2931 sententiam
403 2875 626 2931 converterat
641 2863 819 2946 Goetzius,
836 2887 896 2932 eas
911 2865 967 2931 vel
979 2887 1057 2932 esse
1068 2887 1192 2952 parum
1204 2875 1298 2931 recte
1311 2863 1410 2931 intel·

174 2967 282 3033 lectas
305 2967 361 3033 vel
377 2990 493 3053 perse
510 2966 741 3048 obscuriores,
765 2990 871 3054 quam
887 2979 926 3052 ut
941 2979 1072 3035 certam
1087 2966 1411 3053 interpretationem

176 3067 370 3151 admittant,
402 3081 506 3152 recte,
536 3081 575 3136 ut
604 3092 712 3156 supra
741 3070 874 3161 dictum
905 3082 968 3151 est,
1000 3069 1203 3138 observavit
1233 3069 1302 3135 iam
1328 3070 1409 3136 Vel·

174 3195 290 3240 senus.
337 3174 460 3259 Itaque
482 3174 599 3240 denuo
623 3173 726 3241 nobis
750 3173 785 3239 in
808 3175 902 3240 hanc
925 3196 998 3241 rem
1021 3184 1074 3240 est
1098 3171 1357 3258 inquirendum,
1379 3172 1410 3240 si

174 3276 264 3342 forte
303 3274 389 3360 quid
427 3274 513 3343 certi
550 3276 640 3343 effici
677 3298 782 3362 posse
821 3275 991 3342 videatur.
1068 3275 1188 3360 Atque
1224 3273 1409 3342 statuimus

177 3375 363 3443 Goetzium
395 3388 489 3445 recte
521 3378 779 3445 demonstrasse
809 3378 964 3444 fabulam
987 3399 1059 3444 non
1084 3377 1257 3461 01.96,4,
1290 3387 1328 3442 ut
1350 3399 1410 3443 vo·

174 3479 288 3545 luerat
312 3478 456 3560 Petitus,
488 3501 564 3545 esse
587 3490 711 3560 actam,
742 3480 806 3546 sed
829 3502 901 3546 non
924 3490 1018 3546 recte
1041 3502 1122 3546 eum
1143 3478 1280 3559 fecisse,
1314 3480 1410 3564 quod

172 3582 217 3647 ad
234 3581 289 3647 Ol.
306 3596 347 3665 97
371 3603 502 3647 annum
524 3581 664 3648 tertium
687 3603 765 3648 eam
788 3581 943 3648 rettulit..
976 3584 1100 3668 Itaque
1123 3605 1203 3648 cum
1219 3583 1409 3667 posthunc

174 3706 305 3750 annum
320 3705 393 3750 non
410 3683 521 3769 possit
532 3695 611 3750 acta
621 3706 709 3766 esse,
725 3684 809 3770 quia
821 3695 902 3750 ante
915 3684 1010 3750 Pluti
1024 3683 1253 3751 didascaliam
1264 3683 1319 3749 Ol.
1332 3698 1408 3766 97,4

173 3787 209 3853 in
232 3809 397 3854 scaenam
420 3799 472 3853 est
494 3786 689 3868 commissa,
713 3797 774 3853 aut
796 3787 909 3873 primo
933 3797 994 3852 aut
1008 3788 1166 3854 secundo
1182 3807 1276 3852 anno
1294 3785 1349 3851 01.
1366 3799 1408 3869 97

174 3889 195 3955 i.
226 3911 254 3955 e.
287 3888 388 3955 annis
421 3913 450 3955 a.
481 3890 563 3956 Chr.
596 3913 630 3956 11.
662 3901 723 3956 aut
751 3907 811 3974 391
845 3902 906 3956 aut
928 3907 993 3974 390
1015 3912 1093 3956 eam
1115 3899 1308 3975 spectatam
1331 3908 1408 3954 esse

176 4001 323 4077 oportet.
361 3992 441 4058 Hoc
464 4015 528 4078 pro
552 4003 648 4059 certo
666 4013 853 4078 possumus
869 4014 1010 4078 ponere.
1049 3991 1166 4057 Minus
1182 4001 1298 4057 autem
1314 4000 1410 4056 certa

172 4115 250 4160 esse
273 4115 324 4175 ea,
348 4116 440 4179 quae
462 4096 508 4160 ad
524 4105 658 4161 certum
674 4117 805 4159 annum
822 4116 865 4160 ex
880 4094 935 4162 his
951 4096 1090 4161 duobus
1106 4092 1407 4177 comprobandum

172 4249 295 4316 praetore
313 4212 398 4302 CuDia
415 4247 456 4302 01
479 4247 519 4313 92,
547 4248 561 4301 1
588 4246 631 4315 (cf.
656 4263 756 4317 argum.
780 4246 813 4315 Ι).
855 4246 914 4301 Hac
938 4248 1022 4316 igitur
1045 4246 1073 4302 in
1091 4245 1289 4315 computatione
1307 4243 1407 4300 Calliae

171 4348 256 4387 annus
273 4349 326 4387 11911
346 4336 378 4388 111
394 4333 423 4388 in
439 4333 501 4399 illa,
528 4331 1178 4405 9199999199111111μ1991991119,9911991119
1195 4331 1349 4385 incensum
1366 4333 1408 4385 991
1514 4401 1516 4403 ¹
1610 4331 1616 4349 ⁴

173 4420 290 4475 vocatus.
