3242 4867
690 187 731 200 ,-
775 166 818 234 29
850 147 902 198 ’.-

186 339 260 406 Sed
294 348 410 405 tamen
443 359 499 405 res
531 358 670 422 semper
701 335 748 401 ita
776 347 828 403 est
851 334 1038 422 disposita,
1072 347 1111 403 ut
1133 336 1296 423 singulae
1319 337 1423 424 parti-

185 442 296 523 culae,
328 441 461 528 quippe
491 462 582 527 quae
606 440 837 526 prolabantur
859 441 904 505 ad
927 439 1035 505 vitam
1058 438 1239 527 privatam,
1270 462 1423 526 persona

185 566 245 625 ea,
280 566 372 630 quae
395 542 578 630 primarias
601 542 757 629 suscepit
780 553 917 628 partes,
951 553 989 608 ut
1012 566 1032 608 a
1056 543 1222 629 Trygaeo
1246 554 1280 609 et
1304 542 1421 609 Pithe-

185 658 283 713 taero
315 646 562 713 contineantur
584 658 690 732 atque
713 647 758 710 ab
781 644 867 731 ipsis
890 645 1118 712 consiliorum
1141 645 1345 712 auctoribus
1370 668 1422 711 re·

184 751 371 816 flectantur
401 759 435 815 et
467 758 677 815 revocentur
699 748 744 813 ad
767 748 880 834 ipsam
903 770 976 814 rem
999 748 1187 835 publicam.
1233 749 1422 832 Quomodo

189 852 239 933 fit,
266 863 305 918 ut
327 873 373 918 ne
395 851 568 928 eiusmodi
591 851 734 938 quidem
757 851 793 916 in
817 852 922 918 rebus
944 851 1049 937 plane
1072 851 1251 917 omittatur
1273 851 1429 937 gravitas

189 955 330 1021 consilii
352 966 387 1022 et
409 955 460 1021 rei
483 954 648 1041 publicae
671 953 811 1020 utilitas.

274 1056 413 1141 Quibus
436 1056 574 1124 statutis
588 1058 639 1139 14)
662 1056 692 1123 si
715 1056 784 1122 iam
801 1055 1123 1123 Ecclesiazusarum
1147 1067 1347 1143 spectamus
1370 1079 1422 1122 ar·

188 1171 406 1246 gumentum,
433 1182 546 1246 usque
569 1161 614 1225 ad
637 1159 737 1226 chori
759 1159 913 1246 priorem
936 1160 1109 1246 parodum
1131 1159 1187 1225 vel
1211 1159 1328 1245 potius
1351 1160 1422 1225 exi-

187 1274 260 1329 tum
284 1262 402 1328 omnia
424 1263 623 1349 procedunt
646 1284 688 1328 ex
712 1261 860 1347 pristina
883 1261 1139 1328 consuetudine
1162 1273 1299 1328 etcum
1323 1262 1421 1347 Lysi-

186 1375 315 1432 stratae
346 1366 497 1452 prologo
526 1387 698 1432 summam
730 1365 885 1450 produnt
915 1363 1189 1431 similitudinem.
1236 1364 1355 1451 Atque
1377 1387 1424 1431 ne

189 1468 225 1533 id
255 1467 415 1554 quidem,
446 1469 542 1555 quod
576 1490 717 1535 carmen
741 1467 867 1553 parodi
889 1468 969 1535 loco
994 1466 1146 1554 positum
1169 1490 1240 1533 nou
1264 1478 1425 1534 cantatur

189 1592 209 1636 a
233 1570 499 1657 prodeuntibus,
529 1571 593 1639 sed
616 1573 660 1637 ab
683 1570 893 1637 exeuntibus
917 1569 1105 1651 choreutiS,
1138 1570 1204 1637 etsi
1226 1571 1321 1656 apud
1345 1570 1424 1636 Ari-

187 1676 397 1759 stophanem
420 1696 595 1759 nusquam
618 1673 705 1741 alias
728 1685 781 1740 est
803 1675 934 1739 factum
950 1672 987 1739 in
1002 1672 1141 1754 fabulis,
1165 1695 1256 1759 quae
1272 1684 1421 1739 aetatem

188 1776 361 1858 tulerunt,
393 1798 456 1862 per
485 1798 524 1843 se
547 1776 741 1863 quidquam
763 1776 847 1843 facit
870 1778 916 1842 ad
939 1798 1021 1843 rem.
1069 1778 1202 1863 Verum
1225 1797 1318 1861 quae
1342 1775 1425 1841 inde

186 1889 392 1963 sequuntur,
421 1878 538 1945 statim
568 1879 673 1965 plane
696 1879 785 1944 alius
808 1889 890 1945 sunt
912 1876 1054 1964 generis
1077 1877 1274 1964 mirumque
1297 1877 1333 1942 in
1353 1900 1425 1943 mo·

188 1981 272 2046 dum
304 1980 505 2048 desciscunt
531 1983 576 2047 ab
599 1980 898 2049 antecedentibus.
945 1983 1198 2067 Exspectamus
1221 2002 1307 2048 sane
1330 1980 1425 2046 viros

187 2082 348 2150 femineis
384 2082 600 2150 vestimentis
631 2083 773 2150 indutos
805 2094 840 2149 et
870 2095 1126 2169 conquerentes
1157 2082 1332 2150 contionis
1365 2084 1425 2149 ad·

188 2197 327 2272 emptae
349 2186 560 2253 facultatem.
608 2186 679 2253 Sed
703 2186 788 2272 quid
811 2187 850 2254 fit
873 2208 910 2253 re
933 2186 1041 2252 vera?
1073 2185 1195 2252 Prodit
1217 2207 1326 2252 senex
1342 2208 1424 2252 con·

189 2310 342 2374 querens
365 2288 484 2356 uxoris
507 2289 881 2375 malitiamipsiusque
904 2298 1107 2375 praesentes
1130 2287 1313 2374 angustias
1335 2288 1424 2353 nihil

190 2402 382 2457 memorata
412 2392 463 2458 rei
486 2391 650 2478 publicae
673 2392 888 2473 calamitate,
922 2390 1089 2478 quoniam
1113 2390 1188 2478 ipse
1211 2414 1283 2458 non
1306 2402 1426 2478 posset

193 2493 323 2559 civium
350 2489 432 2560 ¹iura
463 2493 499 2560 in
522 2494 688 2562 contione
711 2517 883 2562 exercere.
930 2497 973 2560 Et
996 2494 1057 2580 qui
1080 2495 1186 2581 paulo
1210 2505 1289 2580 post
1311 2493 1425 2581 sequi-

190 2607 247 2662 tur
278 2595 432 2677 vicinuS,
464 2598 604 2664 easdem
635 2597 671 2663 in
703 2597 963 2684 quaerimonias
992 2607 1045 2663 est
1076 2598 1217 2664 effusus.
1264 2598 1319 2663 Ne
1342 2596 1425 2664 huic

193 2698 336 2785 quidem
359 2699 493 2785 patriae
516 2699 638 2768 salutis
661 2699 698 2766 in
721 2712 873 2767 mentem
896 2701 1002 2782 venit,
1026 2711 1064 2766 ut
1086 2722 1190 2767 nemo
1213 2722 1286 2766 non
1308 2699 1425 2765 statim

192 2812 363 2886 agnoscat
398 2801 473 2869 eius
504 2802 709 2869 comoediae
738 2803 1022 2886 similitudinem,
1059 2825 1166 2890 quam
1196 2802 1426 2869 imitationem

191 2904 294 2985 vitae,
317 2904 501 2990 speculum
524 2905 799 2986 consuetudinis,
828 2906 1019 2990 imaginem
1041 2905 1198 2973 veritatis
1221 2917 1316 2972 recte
1339 2905 1427 2971 dixit

193 3007 329 3073 Cicero.
391 3008 510 3093 Atque
554 3007 660 3074 tantis
699 3007 749 3073 illi
779 3018 926 3074 utuntur
973 3008 1009 3074 in
1041 3009 1277 3094 colloquendo
1309 3009 1426 3072 amba·

191 3109 314 3194 gibuS,
349 3121 387 3175 ut
409 3122 550 3196 poetam
572 3109 694 3176 videas
716 3111 809 3176 hanc
832 3109 1162 3177 sermocinationem
1186 3109 1296 3195 ipsius
1319 3131 1426 3174 causa

192 3211 376 3280 admisisse
398 3213 641 3299 populumque
663 3211 818 3279 voluisse
841 3233 883 3278 ea
898 3211 1075 3278 delectari.
1122 3212 1244 3297 ltaque
1260 3211 1347 3276 nihil
1364 3221 1426 3292 est,

193 3315 290 3399 quod
313 3325 450 3401 spectat
471 3316 517 3381 ad
540 3336 613 3381 rem
636 3315 833 3401 publicam;
856 3337 900 3381 ne
923 3314 1066 3381 nomine
1086 3313 1228 3400 quidem
1244 3336 1427 3380 monemur

194 3417 461 3484 confabulantes
491 3438 567 3484 esse
596 3416 691 3485 cives
715 3418 960 3485 Athenienses.
1006 3419 1125 3503 Atque
1147 3416 1177 3483 si
1199 3438 1328 3483 scaena
1350 3416 1427 3483 sine

193 3519 265 3585 ulla
289 3519 508 3586 dubitatione
531 3531 605 3587 erat
628 3519 676 3586 ita
699 3519 879 3602 instructa,
905 3532 944 3586 ut
967 3522 1058 3587 duae
1081 3519 1277 3587 vicinorum
1301 3521 1426 3586 domus

192 3634 310 3689 essent
340 3622 377 3688 in
407 3634 618 3708 conspectu,
649 3633 765 3690 tamen
794 3635 899 3709 poeta
922 3633 1060 3710 poterat
1082 3623 1250 3690 inducere
1273 3619 1427 3709 δημότας,

263 3862 306 3923 14)
324 3861 385 3916 Iure
402 3861 430 3917 iu
446 3862 520 3917 hisee
537 3865 634 3933 poetae
652 3861 768 3918 consiliis
786 3861 981 3917 constituendis
992 3861 1127 3916 Ranarum
1146 3863 1293 3931 exemplum
1305 3862 1428 3916 omittere

193 3964 272 4017 posse
289 3947 355 4002 mihi
372 3947 475 4014 videor,
499 3963 558 4003 enm
576 3949 644 4003 hauc
662 3947 780 4003 fabulam
798 3952 904 4003 constet
920 3947 1057 4018 proprium
1074 3948 1162 4002 locum
1180 3947 1310 4003 obtinere.
1346 3947 1430 4002 Profi-

194 4033 301 4087 ciscitur
318 4032 388 4087 enim
406 4032 440 4088 ab
458 4036 516 4088 arte
534 4034 682 4102 studiisque
699 4036 839 4103 poetarum
857 4037 938 4104 atque
956 4032 991 4086 ad
1003 4050 1059 4087 rem
1070 4033 1205 4103 publicam
1215 4034 1269 4088 iam
1281 4050 1334 4087 uon
1347 4032 1429 4103 perti·

192 4121 240 4173 net
256 4118 308 4172 nisi
325 4135 373 4188 per
390 4118 526 4188 ambages.
562 4120 704 4174 Praeterea
722 4136 775 4174 non
793 4120 883 4188 agitur
901 4118 972 4188 apud
990 4119 1123 4185 modales,
1145 4119 1192 4173 sed
1210 4119 1281 4189 apud
1298 4122 1426 4173 mortuos.

193 4204 316 4273 Itemque
334 4204 406 4259 Pluti
432 4203 596 4260 comoediam
613 4220 720 4274 prorsus
738 4205 856 4275 neglexi,
884 4204 956 4275 quod
973 4207 1036 4273 post
1052 4204 1248 4259 Ecclesiazusas
1267 4204 1372 4259 demum
1391 4221 1430 4269 ee,

194 4303 274 4357 quam
298 4289 428 4344 habemus
446 4283 681 4357 rebacutionem,
707 4294 768 4345 acta
786 4293 836 4344 est.
874 4290 912 4344 Ex
930 4289 1087 4360 fragmentis
1104 4307 1166 4344 vero
1186 4291 1345 4344 comicorum
1364 4289 1430 4343 nihil

194 4374 309 4430 arbitror
326 4392 405 4445 posse
423 4376 489 4442 elici,
507 4391 560 4445 quo
579 4390 647 4446 quae
664 4377 740 4446 posui
758 4379 806 4432 aut
824 4376 1041 4431 commendentur
1058 4379 1105 4430 aut
1115 4375 1288 4441 infirmentur,
1306 4374 1430 4443 quoniam

194 4474 274 4532 quam
292 4462 382 4517 sedem
401 4462 506 4534 singula
522 4462 666 4517 habuerint
681 4463 710 4517 in
727 4462 877 4519 fabularum
895 4464 1026 4528 contextu,
1043 4477 1152 4532 prorsus
1169 4461 1330 4532 ignoramus.
