3242 4867
749 162 961 266 256...

242 355 391 436 κατάθου
413 366 460 434 τὸ
481 366 628 453 βέλος,
659 368 720 438 ubi
752 368 822 437 iam
850 368 1041 438 scholiasta
1073 381 1168 437 recte
1190 361 1393 437 adnotavit:
1426 381 1488 455 oq-

247 471 405 565 μειωυέου
434 467 485 538 ὅτι
514 470 572 538 ἐπὶ
603 469 719 560 ξίφους
749 471 788 537 τὸ
818 471 916 555 βέλος
945 471 1084 538 τέθεικε.
1131 474 1198 541 Vel
1228 474 1418 540 afferamus
1442 494 1489 538 ex

244 576 367 641 eadem
381 575 502 642 fabula
520 598 552 641 v.
573 576 666 658 1063,
689 574 751 642 ubi
767 574 994 661 Dicaeopolis
1010 576 1158 641 eandem
1174 597 1371 661 personam,
1389 596 1489 661 quae

243 677 350 764 paulo
373 688 454 744 ante
478 677 571 745 dicta
594 688 660 744 est:
684 675 882 763 νυμφεύτρια
905 679 949 760 (ν.
975 679 1070 761 1056)
1094 677 1307 763 alloquitur:
1330 669 1356 742 ὦ
1376 674 1490 762 γύναι,

243 780 299 845 vel
323 779 476 865 denique
498 804 529 846 v.
557 781 655 861 1228,
686 779 747 846 ubi
770 778 997 866 Dicaeopolis
1021 802 1042 845 a
1065 782 1174 846 choro
1199 781 1437 866 compellatur
1461 771 1490 842 ὦ

243 880 371 966 πρέσβυ
400 881 591 949 senectutis
624 882 700 949 eius
731 904 923 968 numquam
956 892 1060 948 antea
1091 882 1270 948 mentione
1292 884 1384 949 facta
1399 884 1488 965 ¹⁰¹).

245 985 318 1050 Iam
340 984 425 1051 satis
447 986 553 1052 credo
577 985 800 1052 manifestum
823 1006 901 1051 esse
922 981 1086 1070 μειράκων
1108 984 1383 1071 appellationem
1407 1007 1487 1050 non

243 1089 384 1168 habere,
407 1109 471 1153 cur
492 1088 537 1153 ad
560 1089 747 1154 choreutas
770 1109 843 1153 non
866 1088 1045 1153 referatur.

331 1191 518 1256 Praeterea
548 1201 665 1256 autem
696 1211 768 1255 non
800 1201 853 1256 est
881 1190 1167 1275 neglegendum,
1200 1191 1297 1276 quod
1328 1186 1489 1274 μείρακες

244 1290 471 1358 nominantur
501 1294 692 1359 choreutae
723 1314 744 1357 a
774 1313 877 1358 serva
899 1291 984 1358 satis
1006 1313 1093 1358 sane
1114 1293 1258 1379 garrula
1281 1303 1316 1358 et
1338 1293 1486 1360 lasciva,

244 1395 337 1460 Nam
360 1393 429 1459 alia
452 1404 547 1460 certe
570 1404 662 1460 esset
684 1416 802 1475 causa,
826 1392 856 1461 si
871 1415 892 1459 a
910 1394 1113 1479 Praxagora
1128 1394 1184 1460 vel
1201 1394 1379 1461 choreutis
1395 1395 1487 1481 ipsis

242 1518 285 1563 ea
308 1497 416 1563 verba
439 1507 556 1563 essent
578 1497 724 1582 prolata.
771 1498 904 1563 Verum
927 1497 973 1561 ad
995 1497 1161 1562 famulam
1185 1496 1349 1563 dominae
1365 1497 1487 1564 subita

243 1598 424 1666 maiestate
447 1621 519 1665 non
542 1598 765 1666 mediocriter
787 1600 915 1666 elatam
938 1599 994 1681 (cf.
1018 1621 1073 1665 vv.
1099 1617 1179 1665 1112
1196 1601 1288 1685 sqq.)
1310 1622 1431 1667 nonne
1447 1599 1485 1665 id

243 1702 377 1788 optime
409 1712 462 1768 est
492 1712 629 1787 aptum,
661 1702 758 1787 quod
789 1703 994 1783 choreutas,
1026 1723 1118 1787 quae
1149 1702 1292 1788 quidem
1321 1702 1420 1788 ipsae
1444 1725 1485 1770 se

245 1826 385 1890 semper
399 1803 671 1871 nominaverunt
685 1806 849 1887 γυναῖκας,
869 1826 950 1870 curn
965 1803 1035 1870 levi
1050 1805 1203 1890 quadam
1219 1806 1486 1891 contemptione

245 1919 347 1974 vocat
362 1903 529 1992 μείρακας,
553 1928 644 1992 quae
661 1918 761 1973 erant
777 1929 816 1973 re
832 1908 1023 1990 vera¹⁰³)?
1047 1906 1186 1973 Etenim
1203 1906 1348 1974 iuvenili
1364 1909 1486 1974 admo·

245 2010 329 2075 dum
362 2020 476 2076 aetate
505 2020 539 2076 et
568 2008 691 2075 habitu
713 2009 839 2090 fuisse,
870 2009 932 2095 qui
955 2011 1202 2076 choreutarum
1225 2021 1342 2096 partes
1364 2032 1484 2077 susce·

248 2122 388 2199 perant,
419 2133 483 2198 per
514 2134 552 2178 se
583 2109 806 2179 manifestum
836 2124 898 2179 est.
944 2112 1067 2198 ltaque
1093 2114 1138 2178 ab
1162 2111 1257 2178 omni
1280 2123 1380 2198 parte
1403 2113 1483 2179 reti·

249 2214 367 2280 nenda
398 2224 451 2280 est
481 2212 693 2281 scholiastae
717 2213 932 2284 Ravennatis
960 2213 1168 2295 auctoritas,
1198 2213 1259 2299 qui
1282 2214 1392 2281 invito
1417 2215 1482 2281 Ar·

246 2316 381 2382 noldtio
405 2317 461 2399 (cf.
485 2340 518 2408 p.
546 2318 622 2400 105)
653 2318 699 2383 ad
721 2339 845 2384 vocem
866 2315 1026 2404 μείρακος
1047 2315 1176 2383 adiecit
1198 2317 1482 2403 explanationem

248 2421 360 2486 hanc:
383 2418 442 2496 τὰς
464 2419 522 2485 τοῦ
542 2421 651 2506 χοροῦ.

763 2715 968 2726 *—

332 2932 511 3021 Superest
535 2945 574 3000 ut
595 2955 647 3017 ea,
670 2956 763 3020 quae
778 2934 938 3022 proxima
957 2933 1202 3002 dissertatione
1216 2947 1300 3003 sunt
1314 2934 1483 3023 exposita,

249 3040 316 3105 sub
353 3060 424 3103 uno
463 3036 565 3123 quasi
601 3048 795 3124 conspectu
827 3060 1004 3125 apponam
1035 3038 1188 3105 breviter
1218 3041 1482 3125 comprehensas

245 3139 409 3208 Vidimus
441 3139 550 3226 igitur
579 3142 734 3206 fabulam
763 3139 876 3207 videri
909 3152 1023 3208 actam
1052 3142 1141 3208 festo
1165 3140 1223 3208 die
1252 3142 1483 3208 Lenaeorum.

248 3244 375 3329 Neque
405 3253 522 3309 tamen
554 3242 781 3330 probavimus
811 3241 888 3310 eius
910 3265 1042 3309 annum
1064 3242 1269 3310 natalicium
1292 3266 1312 3310 a
1336 3243 1483 3310 Goetzio
1507 3322 1509 3326 .

174 3363 180 3372 ·
252 3345 452 3426 inventum,
486 3345 549 3412 sed
582 3345 651 3411 iam
683 3345 739 3411 01.
768 3360 811 3429 97
842 3368 936 3413 anno
968 3346 1125 3413 secundo
1156 3345 1375 3413 comoediam
1407 3366 1483 3412 esse

249 3457 363 3513 actam
394 3446 580 3514 maluimus
606 3459 768 3515 statuere.
816 3448 978 3516 Vidimus
1001 3459 1183 3535 praeterea
1205 3448 1321 3535 ipsum
1342 3449 1483 3515 fabulae

250 3561 498 3635 argumentum
514 3571 591 3616 esse
607 3549 790 3631 eiusmodi,
809 3560 848 3616 ut
863 3550 1044 3635 parabasis
1059 3552 1158 3618 locus
1174 3550 1484 3637 episodiorumque

250 3651 435 3718 intervalla
458 3674 530 3718 non
553 3654 777 3741 explerentur
802 3652 1026 3735 carminibus,
1048 3654 1112 3721 sed
1135 3665 1228 3720 esset
1246 3653 1485 3721 adhibendum

250 3753 363 3821 levius
383 3754 562 3839 quoddam
577 3755 808 3822 emboliorum
824 3777 949 3841 genus,
972 3766 1097 3822 cantus
1112 3754 1276 3822 tibicinis,
1323 3755 1484 3823 Vidimus

251 3855 405 3942 denique
427 3858 574 3923 chorum
597 3847 764 3943 quattuor
786 3868 821 3923 et
843 3856 971 3944 viginti
986 3857 1168 3923 hominum
1184 3859 1229 3923 ad
1246 3858 1484 3944 Praxagoram

303 4148 363 4214 102)
375 4147 467 4213 Quam
483 4150 579 4217 poetae
604 4148 822 4203 consuetudinem
847 4148 869 4203 si
887 4148 1046 4217 respexisset
1062 4148 1124 4214 Leo,
1149 4165 1203 4203 non
1220 4148 1248 4203 in
1265 4164 1330 4204 voce
1348 4138 1371 4201 d
1388 4147 1484 4217 πρέσβυ

250 4232 412 4287 offendisset
447 4232 487 4288 Ol.
501 4234 558 4287 eius
570 4233 792 4299 ffissertationem,
811 4248 879 4303 quae
897 4233 1063 4288 inscribitur:
1080 4233 1256 4299 Quaestiones
1274 4233 1485 4303 Aristophaneus

251 4320 281 4371 at
296 4321 436 4385 praeterea
452 4319 520 4373 Mus.
537 4318 660 4373 Rhenani
677 4319 727 4373 vol.
745 4318 863 4372 XXXIII
880 4336 907 4388 p.
926 4319 978 4373 414
995 4334 1052 4389 sqq.

303 4418 363 4488 103)
382 4419 455 4485 Quae
473 4419 602 4488 μειράκων
619 4420 700 4473 fuerit
716 4424 806 4486 aetas,
833 4437 865 4475 ea
882 4421 915 4475 de
933 4437 961 4475 re
980 4421 1040 4476 vide
1056 4422 1242 4492 Aristophanis
1260 4422 1383 4494 Byzantii
1399 4438 1486 4493 gram·

252 4504 343 4566 mauu
360 4502 509 4575 fragmenta
527 4504 567 4560 ed
585 4499 686 4559 Nauck.
704 4521 729 4574 p.
747 4505 787 4571 88,
805 4522 830 4576 p.
849 4505 889 4561 97.
