3242 4867
719 100 931 150 ..22-

209 268 252 336 tis
285 269 364 337 tulit
395 269 620 353 Fuhriusll).
679 272 713 338 Is
746 272 841 337 enim
875 271 1069 338 orationem
1099 270 1297 338 Andocidis
1328 270 1447 337 hieme

209 370 293 437 anni
316 372 428 456 392l91
454 373 609 441 habitam
632 396 718 456 esse,
742 397 822 442 cum
845 374 990 441 nuntius
1013 376 1057 440 de
1077 375 1227 441 Conone
1242 397 1263 439 a
1279 374 1448 440 Tiribazo

210 485 314 560 capto
343 475 503 542 Athenas
538 475 606 544 iam
635 477 761 544 allatus
791 488 902 558 esset,
942 488 997 544 sat
1026 477 1196 561 gravibus
1226 476 1447 562 argumentis

210 577 462 663 comprobavit.
508 579 573 645 llio
606 580 715 666 igitur
743 591 900 667 tempore
924 581 1169 667 Thrasybulus
1193 581 1370 665 putandus
1393 590 1450 647 est

211 675 372 763 σωτηρίαν
393 674 539 764 ὡρίσθαι
563 675 631 762 crixi
653 678 956 768 παρακαλούμενος.
1001 683 1121 768 Atque
1147 682 1252 749 huius
1275 682 1325 748 rei
1350 705 1447 749 men-

209 781 341 848 tionem
365 794 470 868 poeta
492 782 551 852 vix
573 796 711 872 poterat
733 785 875 866 inicere,
898 785 929 852 si
950 786 1072 851 fabula
1091 784 1252 866 Lenaeis,
1275 795 1314 851 ut
1335 795 1445 851 statu-

209 883 310 965 imus,
334 885 390 951 Ol.
413 902 504 971 97,1,
537 887 572 954 id
603 899 656 955 est
687 900 837 955 exeunte
859 910 980 956 mense
1009 887 1174 954 ianuario
1197 887 1281 953 anni
1304 910 1334 953 a.
1359 888 1445 954 Chr.

208 1008 241 1051 n.
258 1005 318 1071 391
344 1000 436 1056 esset
457 1001 545 1057 acta.
592 992 718 1076 Neque
741 991 843 1058 aliter
863 1014 902 1058 se
925 993 1032 1057 habet
1054 1013 1120 1071 res,
1143 989 1173 1057 si
1196 990 1254 1057 cui
1270 990 1445 1057 Ecclesia·

208 1111 314 1156 zusae
338 1090 519 1178 Dionysiis
542 1093 691 1179 magnis,
715 1093 751 1159 id
773 1105 827 1161 est
848 1096 916 1161 sub
940 1094 1046 1160 finem
1069 1093 1198 1160 mensis
1214 1092 1331 1159 Martii
1354 1093 1446 1160 eius·

212 1193 291 1258 dem
314 1193 399 1259 anni
421 1194 458 1260 in
479 1218 645 1263 scaenam
668 1196 854 1264 commissa
877 1196 1039 1263 videatur
1052 1198 1113 1280 ⁷1).

298 1298 419 1363 Restat
449 1297 559 1383 igitur
588 1322 680 1366 unus
711 1322 825 1366 annus
855 1311 961 1386 atque
984 1299 1029 1380 is,
1061 1299 1123 1386 qui
1145 1298 1211 1365 fuit
1239 1299 1294 1365 Ol.
1318 1314 1360 1383 97
1391 1321 1444 1365 se-

209 1399 356 1465 cundus.
422 1401 466 1466 Et
505 1423 589 1467 vere
630 1401 714 1468 anni
757 1412 839 1469 ante
883 1402 1062 1468 Christum
1097 1420 1162 1486 390
1205 1401 1443 1468 Athenienses

210 1501 463 1571 Ecclesiazusis
486 1503 522 1568 in
545 1506 681 1571 theatro
705 1505 897 1571 delectatos
920 1526 997 1571 esse
1013 1503 1177 1590 equidem
1193 1527 1271 1571 curn
1290 1504 1446 1569 Velseno

209 1603 492 1689 crediderimw).
537 1606 595 1672 Ad
626 1610 721 1674 hunc
752 1607 845 1673 enim
875 1629 1006 1673 annum
1030 1605 1202 1673 cumillis
1226 1599 1455 1686 deducimur,

209 1729 302 1792 quae
324 1708 369 1773 de
391 1730 479 1793 pace
502 1732 523 1774 a
545 1710 836 1778 Lacedaemoniis
859 1711 977 1777 oblata
1000 1708 1242 1799 probavimuS,
1273 1720 1347 1774 tum
1370 1731 1445 1775 ver·

209 1807 308 1876 sibus
338 1809 424 1892 illis,
457 1833 546 1898 quos
578 1811 646 1878 iam
677 1835 785 1898 supra
808 1812 971 1879 laudavi:

412 1916 488 1990 ναῦς
510 1913 561 1978 δεῖ
582 1912 775 1979 καθέλκειν·
807 1918 854 2001 τῷ
876 1912 990 1999 πένητι
1013 1912 1073 1997 μὲν
1095 1913 1195 1992 δοκεῖ,

410 2020 482 2092 τοῖς
505 2013 678 2093 πλουσίοις
701 2014 814 2082 δὲκαὶ
836 2020 990 2103 γεωργοῖς
1012 2017 1050 2083 ου’
1074 2016 1173 2081 δοκεῖ.

212 2119 303 2184 Nam
327 2141 444 2185 rerum
466 2119 655 2206 scriptores
673 2119 703 2186 si
719 2119 924 2201 evolvimus,
948 2142 1019 2206 quo
1035 2130 1192 2204 tempore
1208 2119 1446 2185 Athenienses

211 2221 359 2287 classem
392 2222 617 2303 deduxerint,
657 2221 836 2288 Diodorus
869 2233 1031 2308 praetore
1063 2221 1223 2287 Philocle
1255 2220 1325 2303 (Ol.
1357 2224 1446 2305 97,Ι)

212 2324 474 2410 Thrasybulum
490 2347 570 2391 cum
586 2324 823 2411 quadraginta
838 2325 988 2391 navibus
1004 2324 1147 2391 missum
1165 2346 1241 2390 esse
1257 2323 1445 2389 memoriae

211 2425 439 2512 prodidit⁷³).
494 2429 627 2494 Verum
657 2427 751 2515 idem
783 2428 881 2513 quod
912 2427 1018 2493 tradit
1049 2427 1149 2491 illum.
1177 2428 1222 2492 ab
1250 2426 1443 2512 Aspendiis

211 2551 288 2595 esse
321 2529 533 2596 trucidatum
557 2529 613 2595 Ol.
636 2545 709 2614 97,3
723 2532 792 2613 Η),
826 2541 900 2596 tota
929 2528 965 2594 in
996 2529 1221 2615 expeditione
1248 2529 1446 2594 enarranda

211 2630 479 2716 chronologiam
502 2641 541 2696 ut
562 2632 703 2717 saepius
720 2633 945 2718 perturbasse
963 2642 1015 2698 est
1030 2632 1209 2717 putandus
1223 2631 1287 2712 ²⁵).
1333 2631 1446 2697 Cuius

211 2732 354 2819 quidem
384 2732 600 2800 confusionis
630 2757 772 2801 causam
797 2734 1088 2820 Volquardsenus
1112 2734 1304 2801 rectissime
1326 2733 1448 2801 statuit

212 2858 298 2917 earn,
323 2836 419 2921 quod
435 2835 614 2903 Diodorus
630 2835 805 2903 interdurn
822 2837 858 2902 in
874 2838 979 2903 rebus
995 2836 1181 2904 narrandis
1196 2837 1310 2924 magis
1326 2858 1446 2904 earum

276 3110 320 3178 70)
339 3109 377 3166 cf.
394 3111 411 3165 l
428 3110 445 3164 l.
462 3127 486 3178 p.
505 3110 521 3163 7
539 3123 596 3179 sqq.
614 3109 728 3163 Adsensi
745 3112 808 3164 sunt
826 3109 968 3164 Belochius
985 3109 1031 3163 tl.
1043 3127 1069 3179 p.
1079 3109 1130 3164 957
1141 3112 1170 3163 et
1183 3109 1303 3165 Blassius
1320 3110 1348 3163 in
1363 3110 1439 3164 alter.

211 3196 273 3251 odit
290 3197 383 3251 histor.
401 3197 487 3265 eloqu
504 3195 559 3250 Att
577 3195 628 3249 vol.
646 3194 666 3260 I,
684 3212 709 3264 p.
727 3195 778 3250 294
795 3199 824 3250 st
840 3197 869 3250 in
887 3196 962 3249 alter.
981 3196 1044 3250 edit
1062 3195 1162 3250 Andoc.
1179 3214 1204 3265 p.
1222 3196 1292 3249 XIX.

279 3283 322 3348 71)
342 3281 496 3336 Schneidari
521 3281 672 3351 opinionem
690 3280 732 3347 (cf.
750 3281 767 3334 l.
784 3282 801 3334 1.
821 3299 847 3351 p.
864 3281 941 3350 435),
967 3296 1020 3350 qua
1037 3281 1173 3336 comoedia
1191 3286 1233 3335 est
1251 3285 1311 3336 acta
1329 3281 1369 3335 01.
1388 3280 1444 3346 97,1

211 3374 293 3437 (anno
312 3368 362 3423 391
381 3386 404 3421 a.
422 3367 482 3423 Chr.
500 3367 542 3434 n),
568 3366 681 3436 probare
699 3382 810 3436 nequeo.
845 3367 952 3421 Etenim
971 3371 1001 3421 ut
1020 3366 1146 3421 Goetzius
1171 3370 1199 3421 et
1225 3367 1447 3431 Tchomewslrius,

209 3454 256 3508 ille
274 3466 379 3523 quoque
396 3452 460 3506 inde
478 3451 660 3521 proficiscitur,
678 3452 750 3520 quod
767 3452 971 3507 Atheniensium
984 3452 1199 3522 Boeotorumquc
1217 3453 1311 3507 foedus
1324 3453 1381 3506 siue
1392 3451 1447 3505 ulla

211 3538 379 3594 dubitatione
397 3538 432 3591 sit
449 3537 549 3592 factum
566 3536 606 3592 01.
624 3537 689 3603 992.
722 3538 810 3606 Atque
828 3542 936 3607 praeter
953 3538 1112 3596 scholiastae
1124 3539 1330 3603 adnotationem,
1347 3539 1376 3592 in
1394 3553 1447 3606 qua

210 3628 242 3679 nt
258 3623 471 3678 Tchoraewslrius
494 3639 586 3677 vocam
610 3623 656 3678 δύο
682 3641 712 3677 ex
737 3624 840 3677 numeri
864 3625 1025 3693 quaternarii
1042 3625 1135 3678 notula
1152 3622 1175 3678 δ’
1194 3628 1285 3679 censet
1297 3626 1447 3693 corruptam

212 3727 277 3775 esse,
294 3710 396 3764 nullum
414 3711 598 3778 argumentum
617 3709 652 3763 ad
664 3711 825 3764 sententiam
837 3727 912 3764 suam
924 3710 1112 3765 stabiliendam
1124 3710 1244 3780 protulit.
1280 3709 1446 3779 Quamquam

213 3795 290 3851 dicit:
317 3796 356 3850 Ac
379 3794 499 3864 proiecto
517 3795 601 3849 multo
621 3799 662 3849 est
680 3794 832 3849 credibilius
851 3796 1017 3850 commissam
1035 3795 1154 3850 fabulam
1172 3813 1237 3860 ease,
1258 3812 1317 3849 oum
1334 3794 1448 3864 Thrasy·

212 3882 291 3936 bulus
316 3883 403 3934 totum
427 3879 481 3934 iarn
506 3895 604 3934 annum
628 3879 679 3935 392
703 3883 822 3934 versatus
848 3889 919 3934 esset
937 3881 1008 3950 apud
1026 3884 1136 3945 exteros,
1159 3881 1204 3950 qui
1223 3896 1282 3934 eum
1300 3898 1354 3935 nou
1372 3897 1448 3933 voea-

212 3970 311 4021 verant.
348 3966 401 4021 Sed
424 3983 473 4020 nos
491 3964 598 4034 quidem
615 3965 729 4019 vidimus
747 3982 808 4019 eum
825 3966 872 4021 illo
890 3969 1009 4035 tempora
1027 3966 1140 4020 Athenis
1158 3966 1274 4020 adfuisse
1292 3966 1375 4020 videri
1393 3966 1448 4019 veri

213 4053 382 4108 simillimum.

282 4138 325 4207 72)
345 4135 384 4193 Gi
400 4138 416 4192 t
434 4137 451 4191 l.
468 4156 494 4207 p.
511 4136 568 4192 995.
604 4136 760 4192 Adsentitur
778 4138 898 4206 quamvis
916 4137 1070 4192 dubitanter
1086 4136 1227 4192 Belochius
1245 4137 1262 4191 l.
1279 4137 1296 4191 t
1314 4153 1339 4205 p.
1357 4136 1415 4191 357.

282 4224 326 4291 73)
345 4222 383 4280 Gi.
400 4225 417 4278 l.
435 4224 452 4277 l.
469 4222 540 4289 XIV,
558 4222 599 4277 94.

282 4312 326 4379 74)
346 4309 384 4367 Gi
400 4311 418 4368 l.
435 4310 451 4365 l
469 4308 538 4376 XIV,
555 4308 596 4364 99.

283 4397 327 4472 75)
346 4396 384 4454 Cf.
401 4397 614 4474 Frohbergerum
631 4397 647 4451 l.
665 4397 682 4449 l
700 4414 724 4467 p.
742 4394 793 4449 439
810 4394 871 4452 adn.
891 4394 929 4453 12.
