<?xml version="1.0" encoding="UTF-8"?>
<!DOCTYPE html PUBLIC "-//W3C//DTD XHTML 1.0 Transitional//EN"
    "http://www.w3.org/TR/xhtml1/DTD/xhtml1-transitional.dtd">
<html xmlns="http://www.w3.org/1999/xhtml" xml:lang="en" lang="en">
 <head>
  <title>
</title>
<meta http-equiv="Content-Type" content="text/html;charset=utf-8" />
  <meta name='ocr-system' content='tesseract 3.04.00' />
  <meta name='ocr-capabilities' content='ocr_page ocr_carea ocr_par ocr_line ocrx_word'/>
</head>
<body>
  <div class='ocr_page' id='page_1' title='image "./dearistophanise01kaehgoog_0024.png"; bbox 0 0 3242 4867; ppageno 0'>
   <div class='ocr_carea' id='block_1_1' title="bbox 759 127 971 195">
    <p class='ocr_par' dir='ltr' id='par_1_1' title="bbox 759 127 971 195">
     <span class='ocr_line' id='line_1_1' title="bbox 759 127 971 195; baseline 0 -16"><span class='ocrx_word' id='word_1_1' title='bbox 759 127 971 195; x_wconf 75' lang='lat'><strong>-16...</strong></span> 
     </span>
    </p>
   </div>
   <div class='ocr_carea' id='block_1_2' title="bbox 135 316 1487 1017">
    <p class='ocr_par' dir='ltr' id='par_1_2' title="bbox 251 316 1487 487">
     <span class='ocr_line' id='line_1_2' title="bbox 334 316 1487 404; baseline 0 -21"><span class='ocrx_word' id='word_1_2' title='bbox 334 317 460 402; x_wconf 87' lang='lat' dir='ltr'><strong>Neque</strong></span> <span class='ocrx_word' id='word_1_3' title='bbox 500 317 601 384; x_wconf 90' lang='lat' dir='ltr'><strong>aliter</strong></span> <span class='ocrx_word' id='word_1_4' title='bbox 630 338 708 384; x_wconf 91' lang='lat' dir='ltr'><strong>sese</strong></span> <span class='ocrx_word' id='word_1_5' title='bbox 737 319 888 399; x_wconf 85' lang='lat' dir='ltr'><strong>habent,</strong></span> <span class='ocrx_word' id='word_1_6' title='bbox 929 339 1021 403; x_wconf 88' lang='lat' dir='ltr'><strong>quae</strong></span> <span class='ocrx_word' id='word_1_7' title='bbox 1052 318 1096 385; x_wconf 88' lang='lat' dir='ltr'><strong>de</strong></span> <span class='ocrx_word' id='word_1_8' title='bbox 1127 316 1314 384; x_wconf 82' lang='lat' dir='ltr'>mulierum</span> <span class='ocrx_word' id='word_1_9' title='bbox 1343 339 1487 404; x_wconf 92' lang='lat' dir='ltr'><strong>quoque</strong></span> 
     </span>
     <span class='ocr_line' id='line_1_3' title="bbox 251 418 1119 487; baseline 0.003 -4"><span class='ocrx_word' id='word_1_10' title='bbox 251 418 429 484; x_wconf 91' lang='lat' dir='ltr'><strong>communi</strong></span> <span class='ocrx_word' id='word_1_11' title='bbox 452 441 518 486; x_wconf 91' lang='lat' dir='ltr'><strong>usu</strong></span> <span class='ocrx_word' id='word_1_12' title='bbox 542 418 698 487; x_wconf 87' lang='lat' dir='ltr'><strong>comicus</strong></span> <span class='ocrx_word' id='word_1_13' title='bbox 721 419 903 486; x_wconf 87' lang='lat' dir='ltr'><strong>censorius</strong></span> <span class='ocrx_word' id='word_1_14' title='bbox 926 419 1119 486; x_wconf 78' lang='lat' dir='ltr'><strong>cavillatur.</strong></span> 
     </span>
    </p>

    <p class='ocr_par' dir='ltr' id='par_1_3' title="bbox 135 520 1487 1017">
     <span class='ocr_line' id='line_1_4' title="bbox 337 520 1486 609; baseline 0 -22"><span class='ocrx_word' id='word_1_15' title='bbox 337 520 483 588; x_wconf 84' lang='lat' dir='ltr'><strong>Summo</strong></span> <span class='ocrx_word' id='word_1_16' title='bbox 515 521 609 588; x_wconf 89' lang='lat' dir='ltr'><strong>enim</strong></span> <span class='ocrx_word' id='word_1_17' title='bbox 639 521 715 588; x_wconf 91' lang='lat' dir='ltr'><strong>iure</strong></span> <span class='ocrx_word' id='word_1_18' title='bbox 738 521 998 608; x_wconf 85' lang='lat' dir='ltr'>Aristophanes</span> <span class='ocrx_word' id='word_1_19' title='bbox 1021 533 1165 609; x_wconf 89' lang='lat' dir='ltr'><strong>propter</strong></span> <span class='ocrx_word' id='word_1_20' title='bbox 1186 533 1309 608; x_wconf 88' lang='lat' dir='ltr'><strong>stupra</strong></span> <span class='ocrx_word' id='word_1_21' title='bbox 1331 534 1366 589; x_wconf 91' lang='lat' dir='ltr'><strong>et</strong></span> <span class='ocrx_word' id='word_1_22' title='bbox 1390 523 1486 588; x_wconf 87' lang='lat' dir='ltr'><strong>adul-</strong></span> 
     </span>
     <span class='ocr_line' id='line_1_5' title="bbox 249 621 1485 710; baseline 0.003 -23"><span class='ocrx_word' id='word_1_23' title='bbox 249 621 337 688; x_wconf 91' lang='lat' dir='ltr'><strong>teria</strong></span> <span class='ocrx_word' id='word_1_24' title='bbox 360 623 451 690; x_wconf 93' lang='lat' dir='ltr'><strong>ultra</strong></span> <span class='ocrx_word' id='word_1_25' title='bbox 468 625 573 691; x_wconf 88' lang='lat' dir='ltr'><strong>fidem</strong></span> <span class='ocrx_word' id='word_1_26' title='bbox 588 623 722 690; x_wconf 83' lang='lat' dir='ltr'><strong>nefarie</strong></span> <span class='ocrx_word' id='word_1_27' title='bbox 738 624 891 691; x_wconf 89' lang='lat' dir='ltr'><strong>admissa</strong></span> <span class='ocrx_word' id='word_1_28' title='bbox 903 626 955 706; x_wconf 80' lang='lat'><strong>⁴⁴)</strong></span> <span class='ocrx_word' id='word_1_29' title='bbox 971 624 1180 710; x_wconf 83' lang='lat' dir='ltr'><strong>gravissime</strong></span> <span class='ocrx_word' id='word_1_30' title='bbox 1196 625 1232 690; x_wconf 93' lang='lat' dir='ltr'><strong>in</strong></span> <span class='ocrx_word' id='word_1_31' title='bbox 1248 624 1485 691; x_wconf 83' lang='lat' dir='ltr'><strong>Athenienses</strong></span> 
     </span>
     <span class='ocr_line' id='line_1_6' title="bbox 135 724 1486 813; baseline 0.001 -24"><span class='ocrx_word' id='word_1_32' title='bbox 135 744 138 750; x_wconf 89' lang='lat'>·</span> <span class='ocrx_word' id='word_1_33' title='bbox 248 735 301 790; x_wconf 90' lang='lat' dir='ltr'><strong>est</strong></span> <span class='ocrx_word' id='word_1_34' title='bbox 331 724 500 793; x_wconf 84' lang='lat' dir='ltr'><strong>invectus.</strong></span> <span class='ocrx_word' id='word_1_35' title='bbox 546 727 651 794; x_wconf 91' lang='lat' dir='ltr'><strong>Unde</strong></span> <span class='ocrx_word' id='word_1_36' title='bbox 678 749 769 811; x_wconf 90' lang='lat' dir='ltr'><strong>quae</strong></span> <span class='ocrx_word' id='word_1_37' title='bbox 793 736 997 812; x_wconf 94' lang='lat' dir='ltr'><strong>quantaque</strong></span> <span class='ocrx_word' id='word_1_38' title='bbox 1020 726 1112 792; x_wconf 90' lang='lat' dir='ltr'><strong>mala</strong></span> <span class='ocrx_word' id='word_1_39' title='bbox 1134 738 1237 813; x_wconf 90' lang='lat' dir='ltr'><strong>putas</strong></span> <span class='ocrx_word' id='word_1_40' title='bbox 1261 738 1365 793; x_wconf 88' lang='lat' dir='ltr'><strong>enata</strong></span> <span class='ocrx_word' id='word_1_41' title='bbox 1387 728 1486 794; x_wconf 88' lang='lat' dir='ltr'><strong>esse?</strong></span> 
     </span>
     <span class='ocr_line' id='line_1_7' title="bbox 249 827 1487 915; baseline 0.002 -24"><span class='ocrx_word' id='word_1_42' title='bbox 249 827 376 912; x_wconf 88' lang='lat' dir='ltr'><strong>Neque</strong></span> <span class='ocrx_word' id='word_1_43' title='bbox 398 838 515 895; x_wconf 90' lang='lat' dir='ltr'><strong>tamen</strong></span> <span class='ocrx_word' id='word_1_44' title='bbox 539 829 583 894; x_wconf 91' lang='lat' dir='ltr'><strong>ad</strong></span> <span class='ocrx_word' id='word_1_45' title='bbox 606 828 791 895; x_wconf 88' lang='lat' dir='ltr'><strong>sanitatem</strong></span> <span class='ocrx_word' id='word_1_46' title='bbox 813 828 946 895; x_wconf 88' lang='lat' dir='ltr'><strong>reditus</strong></span> <span class='ocrx_word' id='word_1_47' title='bbox 961 830 1074 896; x_wconf 86' lang='lat' dir='ltr'><strong>factus</strong></span> <span class='ocrx_word' id='word_1_48' title='bbox 1090 840 1152 895; x_wconf 88' lang='lat' dir='ltr'><strong>est.</strong></span> <span class='ocrx_word' id='word_1_49' title='bbox 1198 830 1321 915; x_wconf 90' lang='lat' dir='ltr'><strong>Itaque</strong></span> <span class='ocrx_word' id='word_1_50' title='bbox 1338 828 1375 894; x_wconf 93' lang='lat' dir='ltr'><strong>in</strong></span> <span class='ocrx_word' id='word_1_51' title='bbox 1390 840 1487 895; x_wconf 88' lang='lat' dir='ltr'><strong>tanta</strong></span> 
     </span>
     <span class='ocr_line' id='line_1_8' title="bbox 248 928 1487 1017; baseline 0.003 -24"><span class='ocrx_word' id='word_1_52' title='bbox 248 928 395 995; x_wconf 89' lang='lat' dir='ltr'><strong>mollitia</strong></span> <span class='ocrx_word' id='word_1_53' title='bbox 418 952 459 997; x_wconf 92' lang='lat' dir='ltr'><strong>ac</strong></span> <span class='ocrx_word' id='word_1_54' title='bbox 482 930 640 1017; x_wconf 86' lang='lat' dir='ltr'><strong>nequitia</strong></span> <span class='ocrx_word' id='word_1_55' title='bbox 663 932 756 997; x_wconf 90' lang='lat' dir='ltr'><strong>hanc</strong></span> <span class='ocrx_word' id='word_1_56' title='bbox 779 953 886 996; x_wconf 91' lang='lat' dir='ltr'><strong>unam</strong></span> <span class='ocrx_word' id='word_1_57' title='bbox 910 931 997 997; x_wconf 86' lang='lat' dir='ltr'><strong>dixit</strong></span> <span class='ocrx_word' id='word_1_58' title='bbox 1020 931 1071 997; x_wconf 92' lang='lat' dir='ltr'><strong>rei</strong></span> <span class='ocrx_word' id='word_1_59' title='bbox 1094 931 1258 1017; x_wconf 90' lang='lat' dir='ltr'><strong>publicae</strong></span> <span class='ocrx_word' id='word_1_60' title='bbox 1280 931 1430 998; x_wconf 86' lang='lat' dir='ltr'><strong>salutem</strong></span> <span class='ocrx_word' id='word_1_61' title='bbox 1453 942 1487 997; x_wconf 91' lang='lat' dir='ltr'><strong>et</strong></span> 
     </span>
    </p>
   </div>
   <div class='ocr_carea' id='block_1_3' title="bbox 248 1031 1486 1305">
    <p class='ocr_par' dir='ltr' id='par_1_4' title="bbox 248 1031 1486 1305">
     <span class='ocr_line' id='line_1_9' title="bbox 251 1031 1486 1120; baseline 0.002 -24"><span class='ocrx_word' id='word_1_62' title='bbox 251 1031 445 1098; x_wconf 90' lang='lat' dir='ltr'><strong>remedium</strong></span> <span class='ocrx_word' id='word_1_63' title='bbox 473 1032 634 1118; x_wconf 85' lang='lat' dir='ltr'><strong>relinqui,</strong></span> <span class='ocrx_word' id='word_1_64' title='bbox 666 1044 705 1099; x_wconf 95' lang='lat' dir='ltr'><strong>ut</strong></span> <span class='ocrx_word' id='word_1_65' title='bbox 726 1033 861 1099; x_wconf 88' lang='lat' dir='ltr'><strong>nullam</strong></span> <span class='ocrx_word' id='word_1_66' title='bbox 882 1045 1066 1120; x_wconf 83' lang='lat' dir='ltr'><strong>sperarent</strong></span> <span class='ocrx_word' id='word_1_67' title='bbox 1088 1034 1247 1114; x_wconf 86' lang='lat' dir='ltr'><strong>salutem,</strong></span> <span class='ocrx_word' id='word_1_68' title='bbox 1278 1035 1341 1101; x_wconf 88' lang='lat' dir='ltr'><strong>sed</strong></span> <span class='ocrx_word' id='word_1_69' title='bbox 1364 1055 1486 1100; x_wconf 89' lang='lat' dir='ltr'><strong>omnes</strong></span> 
     </span>
     <span class='ocr_line' id='line_1_10' title="bbox 248 1134 1486 1221; baseline 0.003 -23"><span class='ocrx_word' id='word_1_70' title='bbox 248 1134 293 1199; x_wconf 92' lang='lat' dir='ltr'><strong>ad</strong></span> <span class='ocrx_word' id='word_1_71' title='bbox 324 1156 432 1200; x_wconf 90' lang='lat' dir='ltr'><strong>unum</strong></span> <span class='ocrx_word' id='word_1_72' title='bbox 463 1134 644 1201; x_wconf 90' lang='lat' dir='ltr'><strong>hominum</strong></span> <span class='ocrx_word' id='word_1_73' title='bbox 673 1134 884 1203; x_wconf 89' lang='lat' dir='ltr'><strong>condicione</strong></span> <span class='ocrx_word' id='word_1_74' title='bbox 915 1136 1075 1221; x_wconf 90' lang='lat' dir='ltr'><strong>deposita</strong></span> <span class='ocrx_word' id='word_1_75' title='bbox 1107 1137 1152 1202; x_wconf 86' lang='lat' dir='ltr'><strong>ad</strong></span> <span class='ocrx_word' id='word_1_76' title='bbox 1181 1136 1373 1203; x_wconf 90' lang='lat' dir='ltr'><strong>bestiarum</strong></span> <span class='ocrx_word' id='word_1_77' title='bbox 1404 1159 1486 1203; x_wconf 89' lang='lat' dir='ltr'><strong>con·</strong></span> 
     </span>
     <span class='ocr_line' id='line_1_11' title="bbox 248 1236 1486 1305; baseline 0.003 -4"><span class='ocrx_word' id='word_1_78' title='bbox 248 1236 471 1303; x_wconf 89' lang='lat' dir='ltr'><strong>suetudinem</strong></span> <span class='ocrx_word' id='word_1_79' title='bbox 500 1248 534 1304; x_wconf 93' lang='lat' dir='ltr'><strong>et</strong></span> <span class='ocrx_word' id='word_1_80' title='bbox 563 1237 766 1305; x_wconf 83' lang='lat' dir='ltr'><strong>felicitatem</strong></span> <span class='ocrx_word' id='word_1_81' title='bbox 796 1249 1065 1305; x_wconf 90' lang='lat' dir='ltr'><strong>reverterentur.</strong></span> <span class='ocrx_word' id='word_1_82' title='bbox 1119 1240 1163 1304; x_wconf 88' lang='lat' dir='ltr'><strong>Et</strong></span> <span class='ocrx_word' id='word_1_83' title='bbox 1195 1250 1312 1305; x_wconf 89' lang='lat' dir='ltr'><strong>tamen</strong></span> <span class='ocrx_word' id='word_1_84' title='bbox 1336 1238 1486 1305; x_wconf 90' lang='lat' dir='ltr'><strong>maiores</strong></span> 
     </span>
    </p>
   </div>
   <div class='ocr_carea' id='block_1_4' title="bbox 246 1333 1593 1629">
    <p class='ocr_par' dir='ltr' id='par_1_5' title="bbox 246 1333 1593 1629">
     <span class='ocr_line' id='line_1_12' title="bbox 250 1333 1592 1426; baseline 0.001 -24"><span class='ocrx_word' id='word_1_85' title='bbox 250 1338 361 1404; x_wconf 89' lang='lat' dir='ltr'><strong>nostri</strong></span> <span class='ocrx_word' id='word_1_86' title='bbox 402 1377 442 1398; x_wconf 64' lang='lat'><strong>.-</strong></span> <span class='ocrx_word' id='word_1_87' title='bbox 481 1341 548 1405; x_wconf 91' lang='lat' dir='ltr'><strong>hoc</strong></span> <span class='ocrx_word' id='word_1_88' title='bbox 586 1339 751 1405; x_wconf 90' lang='lat' dir='ltr'><strong>nimirum</strong></span> <span class='ocrx_word' id='word_1_89' title='bbox 780 1339 896 1406; x_wconf 90' lang='lat' dir='ltr'><strong>innuit</strong></span> <span class='ocrx_word' id='word_1_90' title='bbox 925 1352 1029 1426; x_wconf 90' lang='lat' dir='ltr'><strong>poeta</strong></span> <span class='ocrx_word' id='word_1_91' title='bbox 1060 1341 1128 1406; x_wconf 91' lang='lat' dir='ltr'><strong>iam</strong></span> <span class='ocrx_word' id='word_1_92' title='bbox 1161 1340 1297 1426; x_wconf 89' lang='lat' dir='ltr'><strong>pridem</strong></span> <span class='ocrx_word' id='word_1_93' title='bbox 1327 1333 1488 1423; x_wconf 82' lang='grc' dir='ltr'><strong>ὀνομαστὶ</strong></span> <span class='ocrx_word' id='word_1_94' title='bbox 1591 1375 1592 1380; x_wconf 43' lang='lat'>1</span> 
     </span>
     <span class='ocr_line' id='line_1_13' title="bbox 246 1437 1593 1528; baseline 0.004 -25"><span class='ocrx_word' id='word_1_95' title='bbox 246 1437 303 1503; x_wconf 82' lang='grc' dir='ltr'><strong>καὶ</strong></span> <span class='ocrx_word' id='word_1_96' title='bbox 332 1444 512 1527; x_wconf 79' lang='grc' dir='ltr'><strong><em>προφανῶς</em></strong></span> <span class='ocrx_word' id='word_1_97' title='bbox 544 1437 709 1506; x_wconf 78' lang='grc' dir='ltr'><em>σκώπτειν</em></span> <span class='ocrx_word' id='word_1_98' title='bbox 731 1441 859 1509; x_wconf 92' lang='lat' dir='ltr'><strong>vetitus</strong></span> <span class='ocrx_word' id='word_1_99' title='bbox 890 1480 930 1491; x_wconf 86' lang='lat'>-</span> <span class='ocrx_word' id='word_1_100' title='bbox 960 1443 1125 1509; x_wconf 89' lang='lat' dir='ltr'><strong>laudibus</strong></span> <span class='ocrx_word' id='word_1_101' title='bbox 1148 1443 1345 1528; x_wconf 88' lang='lat' dir='ltr'><strong>Cecropem</strong></span> <span class='ocrx_word' id='word_1_102' title='bbox 1380 1441 1481 1507; x_wconf 93' lang='lat' dir='ltr'><strong>illum</strong></span> <span class='ocrx_word' id='word_1_103' title='bbox 1591 1471 1593 1528; x_wconf 52' lang='grc' dir='ltr'><strong>ν</strong></span> 
     </span>
     <span class='ocr_line' id='line_1_14' title="bbox 249 1534 1593 1629; baseline 0.004 -22"><span class='ocrx_word' id='word_1_104' title='bbox 249 1544 467 1624; x_wconf 87' lang='lat' dir='ltr'><strong>extulerunt,</strong></span> <span class='ocrx_word' id='word_1_105' title='bbox 499 1544 595 1629; x_wconf 93' lang='lat' dir='ltr'><strong>quod</strong></span> <span class='ocrx_word' id='word_1_106' title='bbox 627 1534 805 1611; x_wconf 84' lang='lat' dir='ltr'><strong>communi</strong></span> <span class='ocrx_word' id='word_1_107' title='bbox 829 1567 894 1611; x_wconf 89' lang='lat' dir='ltr'><strong>usu</strong></span> <span class='ocrx_word' id='word_1_108' title='bbox 918 1544 1104 1611; x_wconf 89' lang='lat' dir='ltr'><strong>mulierum</strong></span> <span class='ocrx_word' id='word_1_109' title='bbox 1127 1545 1266 1611; x_wconf 88' lang='lat' dir='ltr'><strong>sublato</strong></span> <span class='ocrx_word' id='word_1_110' title='bbox 1290 1544 1382 1611; x_wconf 86' lang='lat' dir='ltr'><strong>iusta</strong></span> <span class='ocrx_word' id='word_1_111' title='bbox 1404 1567 1485 1610; x_wconf 91' lang='lat' dir='ltr'><strong>con·</strong></span> <span class='ocrx_word' id='word_1_112' title='bbox 1592 1589 1593 1612; x_wconf 63' lang='lat'>2</span> 
     </span>
    </p>
   </div>
   <div class='ocr_carea' id='block_1_5' title="bbox 246 1644 1487 2348">
    <p class='ocr_par' dir='ltr' id='par_1_6' title="bbox 246 1644 1487 2348">
     <span class='ocr_line' id='line_1_15' title="bbox 248 1644 1485 1733; baseline 0.002 -24"><span class='ocrx_word' id='word_1_113' title='bbox 248 1644 337 1710; x_wconf 90' lang='lat' dir='ltr'><strong>didit</strong></span> <span class='ocrx_word' id='word_1_114' title='bbox 368 1645 664 1730; x_wconf 57' lang='lat' dir='ltr'><strong>matrimoniaff).</strong></span> <span class='ocrx_word' id='word_1_115' title='bbox 716 1648 791 1714; x_wconf 87' lang='lat' dir='ltr'><strong>Nos</strong></span> <span class='ocrx_word' id='word_1_116' title='bbox 823 1669 906 1714; x_wconf 91' lang='lat' dir='ltr'><strong>vero</strong></span> <span class='ocrx_word' id='word_1_117' title='bbox 936 1670 979 1714; x_wconf 88' lang='lat' dir='ltr'><strong>eo</strong></span> <span class='ocrx_word' id='word_1_118' title='bbox 1011 1670 1132 1714; x_wconf 88' lang='lat' dir='ltr'><strong>sumus</strong></span> <span class='ocrx_word' id='word_1_119' title='bbox 1165 1647 1322 1733; x_wconf 92' lang='lat' dir='ltr'><strong>prolapsi</strong></span> <span class='ocrx_word' id='word_1_120' title='bbox 1346 1647 1402 1713; x_wconf 93' lang='lat' dir='ltr'><strong>vel</strong></span> <span class='ocrx_word' id='word_1_121' title='bbox 1425 1669 1485 1733; x_wconf 91' lang='lat' dir='ltr'><strong>po·</strong></span> 
     </span>
     <span class='ocr_line' id='line_1_16' title="bbox 248 1746 1487 1834; baseline 0.001 -22"><span class='ocrx_word' id='word_1_122' title='bbox 248 1746 317 1813; x_wconf 88' lang='lat' dir='ltr'><strong>tius</strong></span> <span class='ocrx_word' id='word_1_123' title='bbox 348 1747 493 1834; x_wconf 89' lang='lat' dir='ltr'><strong>relapsi,</strong></span> <span class='ocrx_word' id='word_1_124' title='bbox 526 1759 564 1814; x_wconf 93' lang='lat' dir='ltr'><strong>ut</strong></span> <span class='ocrx_word' id='word_1_125' title='bbox 587 1748 622 1814; x_wconf 93' lang='lat' dir='ltr'><strong>in</strong></span> <span class='ocrx_word' id='word_1_126' title='bbox 646 1750 768 1815; x_wconf 90' lang='lat' dir='ltr'><strong>eadem</strong></span> <span class='ocrx_word' id='word_1_127' title='bbox 791 1749 885 1816; x_wconf 89' lang='lat' dir='ltr'><strong>vitae</strong></span> <span class='ocrx_word' id='word_1_128' title='bbox 908 1749 1118 1816; x_wconf 89' lang='lat' dir='ltr'><strong>condicione</strong></span> <span class='ocrx_word' id='word_1_129' title='bbox 1142 1772 1262 1817; x_wconf 87' lang='lat' dir='ltr'><strong>rursus</strong></span> <span class='ocrx_word' id='word_1_130' title='bbox 1286 1749 1487 1816; x_wconf 86' lang='lat' dir='ltr'><strong>collocandi</strong></span> 
     </span>
     <span class='ocr_line' id='line_1_17' title="bbox 246 1849 1486 1938; baseline 0.002 -25"><span class='ocrx_word' id='word_1_131' title='bbox 246 1849 373 1931; x_wconf 80' lang='lat' dir='ltr'><strong>simuS,</strong></span> <span class='ocrx_word' id='word_1_132' title='bbox 402 1872 472 1935; x_wconf 91' lang='lat' dir='ltr'><strong>qua</strong></span> <span class='ocrx_word' id='word_1_133' title='bbox 502 1853 569 1917; x_wconf 90' lang='lat' dir='ltr'><strong>hac</strong></span> <span class='ocrx_word' id='word_1_134' title='bbox 600 1849 637 1915; x_wconf 92' lang='lat' dir='ltr'><strong>in</strong></span> <span class='ocrx_word' id='word_1_135' title='bbox 667 1854 754 1918; x_wconf 90' lang='lat' dir='ltr'><strong>urbe</strong></span> <span class='ocrx_word' id='word_1_136' title='bbox 785 1852 945 1919; x_wconf 92' lang='lat' dir='ltr'><strong>homines</strong></span> <span class='ocrx_word' id='word_1_137' title='bbox 975 1862 1055 1918; x_wconf 89' lang='lat' dir='ltr'><strong>ante</strong></span> <span class='ocrx_word' id='word_1_138' title='bbox 1089 1852 1285 1938; x_wconf 89' lang='lat' dir='ltr'><strong>Cecropem</strong></span> <span class='ocrx_word' id='word_1_139' title='bbox 1318 1851 1373 1918; x_wconf 90' lang='lat' dir='ltr'><strong>usi</strong></span> <span class='ocrx_word' id='word_1_140' title='bbox 1403 1861 1486 1917; x_wconf 88' lang='lat' dir='ltr'><strong>sunt</strong></span> 
     </span>
     <span class='ocr_line' id='line_1_18' title="bbox 247 1953 1486 2041; baseline 0.002 -25"><span class='ocrx_word' id='word_1_141' title='bbox 247 1972 425 2038; x_wconf 89' lang='lat' dir='ltr'><strong>quamque</strong></span> <span class='ocrx_word' id='word_1_142' title='bbox 447 1954 605 2018; x_wconf 90' lang='lat' dir='ltr'><strong>nondum</strong></span> <span class='ocrx_word' id='word_1_143' title='bbox 628 1954 733 2039; x_wconf 90' lang='lat' dir='ltr'><strong>plane</strong></span> <span class='ocrx_word' id='word_1_144' title='bbox 754 1955 995 2041; x_wconf 87' lang='lat' dir='ltr'><strong>deposuerunt</strong></span> <span class='ocrx_word' id='word_1_145' title='bbox 1010 1954 1070 2035; x_wconf 86' lang='lat' dir='ltr'><strong>illi,</strong></span> <span class='ocrx_word' id='word_1_146' title='bbox 1094 1953 1156 2039; x_wconf 91' lang='lat' dir='ltr'><strong>qui</strong></span> <span class='ocrx_word' id='word_1_147' title='bbox 1172 1953 1329 2040; x_wconf 83' lang='lat' dir='ltr'><strong>Lycurgi</strong></span> <span class='ocrx_word' id='word_1_148' title='bbox 1344 1953 1486 2037; x_wconf 83' lang='lat' dir='ltr'><strong>legibus</strong></span> 
     </span>
     <span class='ocr_line' id='line_1_19' title="bbox 248 2054 1412 2139; baseline 0.001 -20"><span class='ocrx_word' id='word_1_149' title='bbox 248 2066 331 2120; x_wconf 88' lang='lat' dir='ltr'><strong>sunt</strong></span> <span class='ocrx_word' id='word_1_150' title='bbox 353 2054 605 2139; x_wconf 60' lang='lat' dir='ltr'><strong>constrictiw).</strong></span> <span class='ocrx_word' id='word_1_151' title='bbox 1410 2109 1412 2112; x_wconf 60' lang='grc'>,</span> 
     </span>
     <span class='ocr_line' id='line_1_20' title="bbox 336 2156 1485 2245; baseline -0.001 -22"><span class='ocrx_word' id='word_1_152' title='bbox 336 2156 434 2223; x_wconf 91' lang='lat' dir='ltr'><strong>Nihil</strong></span> <span class='ocrx_word' id='word_1_153' title='bbox 464 2157 573 2243; x_wconf 85' lang='lat' dir='ltr'><strong>igitur</strong></span> <span class='ocrx_word' id='word_1_154' title='bbox 603 2158 653 2225; x_wconf 91' lang='lat' dir='ltr'><strong>rei</strong></span> <span class='ocrx_word' id='word_1_155' title='bbox 683 2169 736 2225; x_wconf 92' lang='lat' dir='ltr'><strong>est</strong></span> <span class='ocrx_word' id='word_1_156' title='bbox 767 2158 999 2245; x_wconf 89' lang='lat' dir='ltr'><strong>Aristophani</strong></span> <span class='ocrx_word' id='word_1_157' title='bbox 1037 2182 1117 2226; x_wconf 89' lang='lat' dir='ltr'><strong>curn</strong></span> <span class='ocrx_word' id='word_1_158' title='bbox 1152 2160 1300 2224; x_wconf 92' lang='lat' dir='ltr'><strong>Platone</strong></span> <span class='ocrx_word' id='word_1_159' title='bbox 1339 2157 1485 2242; x_wconf 90' lang='lat' dir='ltr'><strong>eiusque</strong></span> 
     </span>
     <span class='ocr_line' id='line_1_21' title="bbox 249 2257 1485 2348; baseline 0.002 -25"><span class='ocrx_word' id='word_1_160' title='bbox 249 2257 438 2326; x_wconf 87' lang='lat' dir='ltr'><strong>notissimis</strong></span> <span class='ocrx_word' id='word_1_161' title='bbox 471 2261 514 2326; x_wconf 91' lang='lat' dir='ltr'><strong>de</strong></span> <span class='ocrx_word' id='word_1_162' title='bbox 541 2283 578 2327; x_wconf 90' lang='lat' dir='ltr'><strong>re</strong></span> <span class='ocrx_word' id='word_1_163' title='bbox 601 2261 745 2346; x_wconf 86' lang='lat' dir='ltr'><strong>publica</strong></span> <span class='ocrx_word' id='word_1_164' title='bbox 768 2260 1015 2328; x_wconf 89' lang='lat' dir='ltr'><strong>constituenda</strong></span> <span class='ocrx_word' id='word_1_165' title='bbox 1038 2261 1246 2348; x_wconf 86' lang='lat' dir='ltr'><strong>praeceptis.</strong></span> <span class='ocrx_word' id='word_1_166' title='bbox 1292 2262 1402 2326; x_wconf 90' lang='lat' dir='ltr'><strong>Recte</strong></span> <span class='ocrx_word' id='word_1_167' title='bbox 1425 2282 1485 2346; x_wconf 93' lang='lat' dir='ltr'><strong>po-</strong></span> 
     </span>
    </p>
   </div>
   <div class='ocr_carea' id='block_1_6' title="bbox 248 2360 1596 2449">
    <p class='ocr_par' dir='ltr' id='par_1_7' title="bbox 248 2360 1596 2449">
     <span class='ocr_line' id='line_1_22' title="bbox 248 2360 1596 2449; baseline 0.001 -24"><span class='ocrx_word' id='word_1_168' title='bbox 248 2360 318 2427; x_wconf 89' lang='lat' dir='ltr'><strong>tius</strong></span> <span class='ocrx_word' id='word_1_169' title='bbox 340 2383 378 2427; x_wconf 90' lang='lat' dir='ltr'><strong>se</strong></span> <span class='ocrx_word' id='word_1_170' title='bbox 401 2363 533 2430; x_wconf 91' lang='lat' dir='ltr'><strong>habent</strong></span> <span class='ocrx_word' id='word_1_171' title='bbox 555 2385 607 2445; x_wconf 89' lang='lat' dir='ltr'><strong>ea,</strong></span> <span class='ocrx_word' id='word_1_172' title='bbox 631 2385 723 2449; x_wconf 87' lang='lat' dir='ltr'><strong>quae</strong></span> <span class='ocrx_word' id='word_1_173' title='bbox 746 2386 767 2429; x_wconf 92' lang='lat' dir='ltr'><strong>a</strong></span> <span class='ocrx_word' id='word_1_174' title='bbox 783 2364 1090 2448; x_wconf 78' lang='lat' dir='ltr'><strong>Stallbaumi0⁴⁷),</strong></span> <span class='ocrx_word' id='word_1_175' title='bbox 1113 2364 1316 2446; x_wconf 65' lang='lat' dir='ltr'><strong>Zeller048)</strong></span> <span class='ocrx_word' id='word_1_176' title='bbox 1339 2362 1417 2429; x_wconf 89' lang='lat' dir='ltr'><strong>aliis</strong></span> <span class='ocrx_word' id='word_1_177' title='bbox 1442 2363 1485 2427; x_wconf 91' lang='lat' dir='ltr'><strong>de</strong></span> <span class='ocrx_word' id='word_1_178' title='bbox 1595 2435 1596 2444; x_wconf 8' lang='grc' dir='ltr'>ἵ</span> 
     </span>
    </p>
   </div>
   <div class='ocr_carea' id='block_1_7' title="bbox 248 2550 1596 2790">
    <p class='ocr_par' dir='ltr' id='par_1_8' title="bbox 248 2550 1596 2790">
     <span class='ocr_line' id='line_1_23' title="bbox 317 2550 1596 2622; baseline 0.001 -17"><span class='ocrx_word' id='word_1_179' title='bbox 317 2551 362 2620; x_wconf 88' lang='grc'><strong>44)</strong></span> <span class='ocrx_word' id='word_1_180' title='bbox 380 2550 418 2607; x_wconf 79' lang='lat' dir='ltr'><strong>CI</strong></span> <span class='ocrx_word' id='word_1_181' title='bbox 436 2551 537 2607; x_wconf 78' lang='lat' dir='ltr'><strong>Andou</strong></span> <span class='ocrx_word' id='word_1_182' title='bbox 555 2555 619 2606; x_wconf 81' lang='lat' dir='ltr'><strong>oret</strong></span> <span class='ocrx_word' id='word_1_183' title='bbox 637 2551 658 2617; x_wconf 81' lang='lat'><strong>1,</strong></span> <span class='ocrx_word' id='word_1_184' title='bbox 678 2551 728 2606; x_wconf 78' lang='lat'><strong>117</strong></span> <span class='ocrx_word' id='word_1_185' title='bbox 746 2568 810 2622; x_wconf 66' lang='lat' dir='ltr'><strong>sqq„</strong></span> <span class='ocrx_word' id='word_1_186' title='bbox 830 2551 881 2606; x_wconf 76' lang='lat'><strong>128</strong></span> <span class='ocrx_word' id='word_1_187' title='bbox 899 2568 937 2622; x_wconf 81' lang='lat' dir='ltr'><strong>eq.</strong></span> <span class='ocrx_word' id='word_1_188' title='bbox 1595 2559 1596 2614; x_wconf 63' lang='lat' dir='ltr'><strong>l</strong></span> 
     </span>
     <span class='ocr_line' id='line_1_24' title="bbox 318 2633 1485 2707; baseline -0.005 -16"><span class='ocrx_word' id='word_1_189' title='bbox 318 2638 362 2705; x_wconf 80' lang='lat'><strong>45)</strong></span> <span class='ocrx_word' id='word_1_190' title='bbox 382 2636 420 2692; x_wconf 80' lang='lat' dir='ltr'><strong>Cf.</strong></span> <span class='ocrx_word' id='word_1_191' title='bbox 438 2638 534 2692; x_wconf 74' lang='lat' dir='ltr'><strong>Athen.</strong></span> <span class='ocrx_word' id='word_1_192' title='bbox 552 2637 626 2703; x_wconf 74' lang='lat' dir='ltr'><strong>XIII,</strong></span> <span class='ocrx_word' id='word_1_193' title='bbox 644 2654 669 2707; x_wconf 89' lang='lat' dir='ltr'><strong>p.</strong></span> <span class='ocrx_word' id='word_1_194' title='bbox 681 2636 732 2692; x_wconf 79' lang='grc'><strong>556</strong></span> <span class='ocrx_word' id='word_1_195' title='bbox 751 2637 782 2692; x_wconf 86' lang='lat' dir='ltr'><strong>d:</strong></span> <span class='ocrx_word' id='word_1_196' title='bbox 800 2636 826 2689; x_wconf 75' lang='grc' dir='ltr'><strong>ἐν</strong></span> <span class='ocrx_word' id='word_1_197' title='bbox 843 2638 873 2692; x_wconf 80' lang='grc' dir='ltr'><strong>δὲ</strong></span> <span class='ocrx_word' id='word_1_198' title='bbox 890 2634 1014 2704; x_wconf 56' lang='lat' dir='ltr'><strong>&#39;albricum</strong></span> <span class='ocrx_word' id='word_1_199' title='bbox 1026 2641 1126 2703; x_wconf 80' lang='grc' dir='ltr'><strong>πρῶτος</strong></span> <span class='ocrx_word' id='word_1_200' title='bbox 1136 2638 1241 2702; x_wconf 80' lang='grc' dir='ltr'><strong>Κέκροψ</strong></span> <span class='ocrx_word' id='word_1_201' title='bbox 1254 2637 1313 2702; x_wconf 85' lang='grc' dir='ltr'><strong>μίαν</strong></span> <span class='ocrx_word' id='word_1_202' title='bbox 1326 2636 1362 2688; x_wconf 73' lang='grc' dir='ltr'><strong>ἑνὶ</strong></span> <span class='ocrx_word' id='word_1_203' title='bbox 1376 2633 1485 2698; x_wconf 78' lang='grc' dir='ltr'><strong>ἔζευξεν,</strong></span> 
     </span>
     <span class='ocr_line' id='line_1_25' title="bbox 248 2717 1188 2790; baseline 0.001 -15"><span class='ocrx_word' id='word_1_204' title='bbox 248 2719 342 2789; x_wconf 82' lang='grc' dir='ltr'><strong>α’νέδην</strong></span> <span class='ocrx_word' id='word_1_205' title='bbox 360 2721 388 2776; x_wconf 80' lang='grc' dir='ltr'><strong>τὸ</strong></span> <span class='ocrx_word' id='word_1_206' title='bbox 412 2722 532 2788; x_wconf 83' lang='grc' dir='ltr'><strong>πρότερον</strong></span> <span class='ocrx_word' id='word_1_207' title='bbox 551 2721 635 2776; x_wconf 71' lang='lat' dir='ltr'><strong>odedi</strong></span> <span class='ocrx_word' id='word_1_208' title='bbox 653 2723 703 2775; x_wconf 81' lang='grc' dir='ltr'><strong>τῶν</strong></span> <span class='ocrx_word' id='word_1_209' title='bbox 718 2722 831 2776; x_wconf 78' lang='grc' dir='ltr'>συνόδων</span> <span class='ocrx_word' id='word_1_210' title='bbox 851 2723 895 2775; x_wconf 77' lang='grc' dir='ltr'><strong>καὶ</strong></span> <span class='ocrx_word' id='word_1_211' title='bbox 913 2724 1082 2790; x_wconf 75' lang='grc' dir='ltr'><strong>κοινογαμίων</strong></span> <span class='ocrx_word' id='word_1_212' title='bbox 1101 2717 1188 2776; x_wconf 79' lang='grc' dir='ltr'><strong>ὄντων.</strong></span> 
     </span>
    </p>
   </div>
   <div class='ocr_carea' id='block_1_8' title="bbox 318 2807 1082 2878">
    <p class='ocr_par' dir='ltr' id='par_1_9' title="bbox 318 2807 1082 2878">
     <span class='ocr_line' id='line_1_26' title="bbox 318 2807 1082 2878; baseline -0.001 -15"><span class='ocrx_word' id='word_1_213' title='bbox 318 2808 362 2876; x_wconf 90' lang='grc'><strong>46)</strong></span> <span class='ocrx_word' id='word_1_214' title='bbox 381 2807 420 2863; x_wconf 71' lang='lat' dir='ltr'><strong>Oi</strong></span> <span class='ocrx_word' id='word_1_215' title='bbox 437 2808 557 2878; x_wconf 87' lang='lat' dir='ltr'><strong>Xenoph</strong></span> <span class='ocrx_word' id='word_1_216' title='bbox 576 2808 609 2862; x_wconf 89' lang='lat' dir='ltr'><strong>de</strong></span> <span class='ocrx_word' id='word_1_217' title='bbox 625 2824 654 2861; x_wconf 88' lang='lat' dir='ltr'><strong>re</strong></span> <span class='ocrx_word' id='word_1_218' title='bbox 672 2807 744 2877; x_wconf 86' lang='lat' dir='ltr'><strong>publ</strong></span> <span class='ocrx_word' id='word_1_219' title='bbox 761 2807 953 2863; x_wconf 80' lang='lat' dir='ltr'><strong>Lacedaemon.</strong></span> <span class='ocrx_word' id='word_1_220' title='bbox 970 2808 991 2874; x_wconf 82' lang='grc' dir='ltr'><strong>Ι,</strong></span> <span class='ocrx_word' id='word_1_221' title='bbox 1009 2809 1026 2862; x_wconf 80' lang='grc'>7</span> <span class='ocrx_word' id='word_1_222' title='bbox 1044 2825 1082 2877; x_wconf 82' lang='lat' dir='ltr'><strong>eq.</strong></span> 
     </span>
    </p>
   </div>
   <div class='ocr_carea' id='block_1_9' title="bbox 319 2891 1596 2963">
    <p class='ocr_par' dir='ltr' id='par_1_10' title="bbox 319 2891 1596 2963">
     <span class='ocr_line' id='line_1_27' title="bbox 319 2891 1596 2963; baseline -0.003 -16"><span class='ocrx_word' id='word_1_223' title='bbox 319 2894 363 2961; x_wconf 79' lang='grc'><strong>47)</strong></span> <span class='ocrx_word' id='word_1_224' title='bbox 382 2892 421 2948; x_wconf 73' lang='lat' dir='ltr'><strong>Oi</strong></span> <span class='ocrx_word' id='word_1_225' title='bbox 439 2892 533 2948; x_wconf 75' lang='lat' dir='ltr'><strong>huual.</strong></span> <span class='ocrx_word' id='word_1_226' title='bbox 550 2892 642 2963; x_wconf 87' lang='lat' dir='ltr'><strong>philol</strong></span> <span class='ocrx_word' id='word_1_227' title='bbox 659 2893 709 2947; x_wconf 85' lang='lat' dir='ltr'><strong>vol</strong></span> <span class='ocrx_word' id='word_1_228' title='bbox 722 2893 818 2959; x_wconf 86' lang='lat' dir='ltr'><strong>LVHl,</strong></span> <span class='ocrx_word' id='word_1_229' title='bbox 835 2910 860 2963; x_wconf 87' lang='lat' dir='ltr'><strong>p.</strong></span> <span class='ocrx_word' id='word_1_230' title='bbox 878 2892 928 2948; x_wconf 78' lang='grc'><strong>248</strong></span> <span class='ocrx_word' id='word_1_231' title='bbox 946 2909 1002 2963; x_wconf 78' lang='lat' dir='ltr'><strong>sqq.</strong></span> <span class='ocrx_word' id='word_1_232' title='bbox 1037 2893 1090 2948; x_wconf 89' lang='lat' dir='ltr'><strong>Ubi</strong></span> <span class='ocrx_word' id='word_1_233' title='bbox 1107 2895 1213 2963; x_wconf 78' lang='lat' dir='ltr'><strong>praeter</strong></span> <span class='ocrx_word' id='word_1_234' title='bbox 1230 2892 1290 2957; x_wconf 79' lang='lat' dir='ltr'><strong>alie,</strong></span> <span class='ocrx_word' id='word_1_235' title='bbox 1308 2907 1375 2960; x_wconf 79' lang='lat' dir='ltr'><strong>quae</strong></span> <span class='ocrx_word' id='word_1_236' title='bbox 1393 2892 1486 2944; x_wconf 80' lang='lat' dir='ltr'><strong>contre</strong></span> <span class='ocrx_word' id='word_1_237' title='bbox 1595 2891 1596 2952; x_wconf 64' lang='grc' dir='ltr'>ξ</span> 
     </span>
    </p>
   </div>
   <div class='ocr_carea' id='block_1_10' title="bbox 251 2976 1484 3049">
    <p class='ocr_par' dir='ltr' id='par_1_11' title="bbox 251 2976 1484 3049">
     <span class='ocr_line' id='line_1_28' title="bbox 251 2976 1484 3049; baseline -0.002 -17"><span class='ocrx_word' id='word_1_238' title='bbox 251 2979 478 3033; x_wconf 80' lang='lat' dir='ltr'><strong>Tchorrewelrium</strong></span> <span class='ocrx_word' id='word_1_239' title='bbox 504 2982 567 3033; x_wconf 82' lang='lat' dir='ltr'><strong>eunt</strong></span> <span class='ocrx_word' id='word_1_240' title='bbox 591 2981 663 3033; x_wconf 83' lang='lat' dir='ltr'><strong>recte</strong></span> <span class='ocrx_word' id='word_1_241' title='bbox 682 2978 834 3044; x_wconf 80' lang='lat' dir='ltr'><strong>observata,</strong></span> <span class='ocrx_word' id='word_1_242' title='bbox 861 2979 987 3049; x_wconf 82' lang='lat' dir='ltr'><strong>leguntur</strong></span> <span class='ocrx_word' id='word_1_243' title='bbox 1004 2979 1084 3033; x_wconf 82' lang='lat' dir='ltr'><strong>haec:</strong></span> <span class='ocrx_word' id='word_1_244' title='bbox 1111 2978 1215 3032; x_wconf 86' lang='lat' dir='ltr'><strong>Nimmt</strong></span> <span class='ocrx_word' id='word_1_245' title='bbox 1231 2994 1294 3032; x_wconf 82' lang='lat' dir='ltr'><strong>man</strong></span> <span class='ocrx_word' id='word_1_246' title='bbox 1311 2976 1426 3030; x_wconf 70' lang='lat' dir='ltr'><strong>camlich</strong></span> <span class='ocrx_word' id='word_1_247' title='bbox 1444 2992 1484 3039; x_wconf 80' lang='lat' dir='ltr'><strong>en,</strong></span> 
     </span>
    </p>
   </div>
   <div class='ocr_carea' id='block_1_11' title="bbox 250 3062 1596 3136">
    <p class='ocr_par' dir='ltr' id='par_1_12' title="bbox 250 3062 1596 3136">
     <span class='ocr_line' id='line_1_29' title="bbox 250 3062 1596 3136; baseline -0.003 -17"><span class='ocrx_word' id='word_1_248' title='bbox 250 3064 311 3119; x_wconf 82' lang='lat' dir='ltr'><strong>dass</strong></span> <span class='ocrx_word' id='word_1_249' title='bbox 329 3064 372 3119; x_wconf 90' lang='lat' dir='ltr'><strong>die</strong></span> <span class='ocrx_word' id='word_1_250' title='bbox 390 3064 513 3119; x_wconf 79' lang='lat' dir='ltr'><strong>Tandem</strong></span> <span class='ocrx_word' id='word_1_251' title='bbox 531 3064 578 3118; x_wconf 89' lang='lat' dir='ltr'><strong>der</strong></span> <span class='ocrx_word' id='word_1_252' title='bbox 595 3064 799 3119; x_wconf 81' lang='lat' dir='ltr'><strong>Ekkleeiazueeu</strong></span> <span class='ocrx_word' id='word_1_253' title='bbox 816 3064 961 3133; x_wconf 84' lang='lat' dir='ltr'><strong>Persiflage</strong></span> <span class='ocrx_word' id='word_1_254' title='bbox 980 3063 1026 3119; x_wconf 84' lang='lat' dir='ltr'><strong>dee</strong></span> <span class='ocrx_word' id='word_1_255' title='bbox 1044 3063 1232 3118; x_wconf 81' lang='lat' dir='ltr'><strong>Platoniechen</strong></span> <span class='ocrx_word' id='word_1_256' title='bbox 1252 3064 1358 3117; x_wconf 80' lang='lat' dir='ltr'><strong>Staetes</strong></span> <span class='ocrx_word' id='word_1_257' title='bbox 1377 3062 1429 3126; x_wconf 85' lang='lat' dir='ltr'><strong>eei,</strong></span> <span class='ocrx_word' id='word_1_258' title='bbox 1454 3079 1483 3116; x_wconf 79' lang='lat' dir='ltr'><strong>so</strong></span> <span class='ocrx_word' id='word_1_259' title='bbox 1595 3129 1596 3136; x_wconf 8' lang='grc' dir='ltr'>ἵ</span> 
     </span>
    </p>
   </div>
   <div class='ocr_carea' id='block_1_12' title="bbox 250 3148 1486 3220">
    <p class='ocr_par' dir='ltr' id='par_1_13' title="bbox 250 3148 1486 3220">
     <span class='ocr_line' id='line_1_30' title="bbox 250 3148 1486 3220; baseline -0.003 -15"><span class='ocrx_word' id='word_1_260' title='bbox 250 3167 322 3205; x_wconf 78' lang='lat' dir='ltr'><strong>murs</strong></span> <span class='ocrx_word' id='word_1_261' title='bbox 341 3150 388 3205; x_wconf 79' lang='lat' dir='ltr'><strong>des</strong></span> <span class='ocrx_word' id='word_1_262' title='bbox 401 3151 484 3205; x_wconf 75' lang='lat' dir='ltr'><strong>sucu</strong></span> <span class='ocrx_word' id='word_1_263' title='bbox 501 3150 633 3219; x_wconf 76' lang='lat' dir='ltr'><strong>gerudezu</strong></span> <span class='ocrx_word' id='word_1_264' title='bbox 650 3150 689 3205; x_wconf 80' lang='lat' dir='ltr'><strong>ele</strong></span> <span class='ocrx_word' id='word_1_265' title='bbox 708 3151 766 3205; x_wconf 89' lang='lat' dir='ltr'><strong>eine</strong></span> <span class='ocrx_word' id='word_1_266' title='bbox 784 3150 1014 3205; x_wconf 77' lang='lat' dir='ltr'><strong>unkunstlerische</strong></span> <span class='ocrx_word' id='word_1_267' title='bbox 1025 3150 1189 3220; x_wconf 79' lang='lat' dir='ltr'><strong>Missgeburt</strong></span> <span class='ocrx_word' id='word_1_268' title='bbox 1206 3149 1357 3219; x_wconf 82' lang='lat' dir='ltr'><strong>angesehen</strong></span> <span class='ocrx_word' id='word_1_269' title='bbox 1374 3148 1486 3210; x_wconf 81' lang='lat' dir='ltr'><strong>werden,</strong></span> 
     </span>
    </p>
   </div>
   <div class='ocr_carea' id='block_1_13' title="bbox 250 3234 1596 3314">
    <p class='ocr_par' dir='ltr' id='par_1_14' title="bbox 250 3234 1596 3314">
     <span class='ocr_line' id='line_1_31' title="bbox 250 3234 1596 3314; baseline -0.003 -24"><span class='ocrx_word' id='word_1_270' title='bbox 250 3237 339 3291; x_wconf 83' lang='lat' dir='ltr'><strong>indam</strong></span> <span class='ocrx_word' id='word_1_271' title='bbox 363 3237 452 3291; x_wconf 88' lang='lat' dir='ltr'><strong>weder</strong></span> <span class='ocrx_word' id='word_1_272' title='bbox 469 3236 576 3306; x_wconf 81' lang='lat' dir='ltr'><strong>Aufeng</strong></span> <span class='ocrx_word' id='word_1_273' title='bbox 600 3237 670 3291; x_wconf 89' lang='lat' dir='ltr'><strong>noch</strong></span> <span class='ocrx_word' id='word_1_274' title='bbox 686 3236 763 3292; x_wconf 80' lang='lat' dir='ltr'><strong>Euda</strong></span> <span class='ocrx_word' id='word_1_275' title='bbox 789 3238 840 3291; x_wconf 88' lang='lat' dir='ltr'><strong>mit</strong></span> <span class='ocrx_word' id='word_1_276' title='bbox 865 3236 911 3290; x_wconf 90' lang='lat' dir='ltr'><strong>der</strong></span> <span class='ocrx_word' id='word_1_277' title='bbox 928 3235 1134 3305; x_wconf 77' lang='lat' dir='ltr'><strong>Haupttendenz</strong></span> <span class='ocrx_word' id='word_1_278' title='bbox 1159 3234 1300 3290; x_wconf 78' lang='lat' dir='ltr'><strong>desselben</strong></span> <span class='ocrx_word' id='word_1_279' title='bbox 1324 3250 1487 3288; x_wconf 80' lang='lat' dir='ltr'><strong>zusammen·</strong></span> <span class='ocrx_word' id='word_1_280' title='bbox 1595 3245 1596 3314; x_wconf 39' lang='grc' dir='ltr'>ξ</span> 
     </span>
    </p>
   </div>
   <div class='ocr_carea' id='block_1_14' title="bbox 251 3318 1488 4587">
    <p class='ocr_par' dir='ltr' id='par_1_15' title="bbox 251 3318 1488 3905">
     <span class='ocr_line' id='line_1_32' title="bbox 252 3318 1487 3390; baseline -0.002 -16"><span class='ocrx_word' id='word_1_281' title='bbox 252 3323 369 3376; x_wconf 79' lang='lat' dir='ltr'><strong>stimmte</strong></span> <span class='ocrx_word' id='word_1_282' title='bbox 391 3322 446 3377; x_wconf 86' lang='lat' dir='ltr'><strong>und</strong></span> <span class='ocrx_word' id='word_1_283' title='bbox 469 3321 632 3377; x_wconf 83' lang='lat' dir='ltr'><strong>nementlich</strong></span> <span class='ocrx_word' id='word_1_284' title='bbox 656 3321 698 3376; x_wconf 87' lang='lat' dir='ltr'><strong>die</strong></span> <span class='ocrx_word' id='word_1_285' title='bbox 725 3323 806 3376; x_wconf 81' lang='lat' dir='ltr'><strong>letzte</strong></span> <span class='ocrx_word' id='word_1_286' title='bbox 825 3322 909 3376; x_wconf 83' lang='lat' dir='ltr'><strong>Scene</strong></span> <span class='ocrx_word' id='word_1_287' title='bbox 933 3320 1086 3390; x_wconf 83' lang='lat' dir='ltr'><strong>langweilig</strong></span> <span class='ocrx_word' id='word_1_288' title='bbox 1110 3321 1165 3375; x_wconf 91' lang='lat' dir='ltr'><strong>und</strong></span> <span class='ocrx_word' id='word_1_289' title='bbox 1182 3318 1375 3389; x_wconf 83' lang='lat' dir='ltr'><strong>ungebtlhrlich</strong></span> <span class='ocrx_word' id='word_1_290' title='bbox 1393 3336 1487 3387; x_wconf 78' lang='lat' dir='ltr'><strong>ausge-</strong></span> 
     </span>
     <span class='ocr_line' id='line_1_33' title="bbox 253 3405 1487 3476; baseline -0.002 -16"><span class='ocrx_word' id='word_1_291' title='bbox 253 3406 348 3471; x_wconf 86' lang='lat' dir='ltr'><strong>dehnt,</strong></span> <span class='ocrx_word' id='word_1_292' title='bbox 368 3408 398 3475; x_wconf 79' lang='lat' dir='ltr'><strong>J&#39;e</strong></span> <span class='ocrx_word' id='word_1_293' title='bbox 415 3424 482 3476; x_wconf 77' lang='lat' dir='ltr'><strong>ganz</strong></span> <span class='ocrx_word' id='word_1_294' title='bbox 500 3406 659 3476; x_wconf 78' lang='lat' dir='ltr'><strong>dberlltlssig</strong></span> <span class='ocrx_word' id='word_1_295' title='bbox 676 3409 733 3462; x_wconf 83' lang='lat' dir='ltr'><strong>sein</strong></span> <span class='ocrx_word' id='word_1_296' title='bbox 753 3407 851 3461; x_wconf 82' lang='lat' dir='ltr'><strong>wtlrde.</strong></span> <span class='ocrx_word' id='word_1_297' title='bbox 887 3407 960 3461; x_wconf 78' lang='lat' dir='ltr'><strong>Gauz</strong></span> <span class='ocrx_word' id='word_1_298' title='bbox 978 3407 1074 3461; x_wconf 85' lang='lat' dir='ltr'><strong>andere</strong></span> <span class='ocrx_word' id='word_1_299' title='bbox 1093 3407 1168 3461; x_wconf 85' lang='lat' dir='ltr'><strong>etellt</strong></span> <span class='ocrx_word' id='word_1_300' title='bbox 1185 3406 1241 3461; x_wconf 81' lang='lat' dir='ltr'><strong>sich</strong></span> <span class='ocrx_word' id='word_1_301' title='bbox 1260 3405 1323 3459; x_wconf 82' lang='lat' dir='ltr'><strong>eber</strong></span> <span class='ocrx_word' id='word_1_302' title='bbox 1341 3405 1383 3460; x_wconf 87' lang='lat' dir='ltr'><strong>die</strong></span> <span class='ocrx_word' id='word_1_303' title='bbox 1402 3405 1487 3461; x_wconf 82' lang='lat' dir='ltr'><strong>Sache</strong></span> 
     </span>
     <span class='ocr_line' id='line_1_34' title="bbox 252 3491 1487 3561; baseline 0 -16"><span class='ocrx_word' id='word_1_304' title='bbox 252 3491 307 3555; x_wconf 82' lang='lat' dir='ltr'><strong>der,</strong></span> <span class='ocrx_word' id='word_1_305' title='bbox 331 3509 407 3546; x_wconf 84' lang='lat' dir='ltr'><strong>uenn</strong></span> <span class='ocrx_word' id='word_1_306' title='bbox 432 3494 480 3545; x_wconf 85' lang='lat' dir='ltr'><strong>wir</strong></span> <span class='ocrx_word' id='word_1_307' title='bbox 498 3491 550 3545; x_wconf 88' lang='lat' dir='ltr'><strong>den</strong></span> <span class='ocrx_word' id='word_1_308' title='bbox 567 3491 659 3546; x_wconf 82' lang='lat' dir='ltr'><strong>Zweclr</strong></span> <span class='ocrx_word' id='word_1_309' title='bbox 678 3493 724 3547; x_wconf 84' lang='lat' dir='ltr'><strong>dee</strong></span> <span class='ocrx_word' id='word_1_310' title='bbox 743 3492 855 3547; x_wconf 75' lang='lat' dir='ltr'><strong>Sthclres</strong></span> <span class='ocrx_word' id='word_1_311' title='bbox 873 3492 912 3546; x_wconf 82' lang='lat' dir='ltr'><strong>ale</strong></span> <span class='ocrx_word' id='word_1_312' title='bbox 931 3492 1007 3546; x_wconf 84' lang='lat' dir='ltr'><strong>einen</strong></span> <span class='ocrx_word' id='word_1_313' title='bbox 1025 3493 1231 3561; x_wconf 77' lang='lat' dir='ltr'><strong>allgemeineren</strong></span> <span class='ocrx_word' id='word_1_314' title='bbox 1249 3491 1413 3556; x_wconf 75' lang='lat' dir='ltr'><strong>betrechteq</strong></span> <span class='ocrx_word' id='word_1_315' title='bbox 1438 3491 1487 3545; x_wconf 83' lang='lat' dir='ltr'><strong>uie</strong></span> 
     </span>
     <span class='ocr_line' id='line_1_35' title="bbox 251 3576 1487 3647; baseline -0.001 -16"><span class='ocrx_word' id='word_1_316' title='bbox 251 3576 397 3647; x_wconf 81' lang='lat' dir='ltr'><strong>allerdings</strong></span> <span class='ocrx_word' id='word_1_317' title='bbox 422 3578 494 3631; x_wconf 74' lang='lat' dir='ltr'><strong>aeine</strong></span> <span class='ocrx_word' id='word_1_318' title='bbox 519 3593 601 3647; x_wconf 81' lang='lat' dir='ltr'><strong>genre</strong></span> <span class='ocrx_word' id='word_1_319' title='bbox 619 3578 721 3647; x_wconf 79' lang='lat' dir='ltr'><strong>Anlage</strong></span> <span class='ocrx_word' id='word_1_320' title='bbox 746 3576 802 3631; x_wconf 86' lang='lat' dir='ltr'><strong>und</strong></span> <span class='ocrx_word' id='word_1_321' title='bbox 826 3577 883 3631; x_wconf 85' lang='lat' dir='ltr'><strong>sein</strong></span> <span class='ocrx_word' id='word_1_322' title='bbox 901 3577 994 3632; x_wconf 87' lang='lat' dir='ltr'><strong>Zweck</strong></span> <span class='ocrx_word' id='word_1_323' title='bbox 1012 3578 1158 3642; x_wconf 83' lang='lat' dir='ltr'><strong>erheischt‚</strong></span> <span class='ocrx_word' id='word_1_324' title='bbox 1184 3578 1239 3632; x_wconf 89' lang='lat' dir='ltr'><strong>und</strong></span> <span class='ocrx_word' id='word_1_325' title='bbox 1257 3595 1285 3632; x_wconf 79' lang='lat' dir='ltr'><strong>ee</strong></span> <span class='ocrx_word' id='word_1_326' title='bbox 1303 3577 1430 3630; x_wconf 86' lang='lat' dir='ltr'><strong>vielmehr</strong></span> <span class='ocrx_word' id='word_1_327' title='bbox 1447 3577 1487 3630; x_wconf 84' lang='lat' dir='ltr'><strong>als</strong></span> 
     </span>
     <span class='ocr_line' id='line_1_36' title="bbox 252 3662 1486 3734; baseline -0.002 -17"><span class='ocrx_word' id='word_1_328' title='bbox 252 3663 311 3717; x_wconf 86' lang='lat' dir='ltr'><strong>eine</strong></span> <span class='ocrx_word' id='word_1_329' title='bbox 329 3662 495 3732; x_wconf 83' lang='lat' dir='ltr'><strong>llnthttllung</strong></span> <span class='ocrx_word' id='word_1_330' title='bbox 513 3662 560 3718; x_wconf 87' lang='lat' dir='ltr'><strong>der</strong></span> <span class='ocrx_word' id='word_1_331' title='bbox 577 3664 713 3734; x_wconf 73' lang='lat' dir='ltr'><strong>haungen</strong></span> <span class='ocrx_word' id='word_1_332' title='bbox 731 3662 865 3718; x_wconf 68' lang='lat' dir='ltr'><strong>austrude</strong></span> <span class='ocrx_word' id='word_1_333' title='bbox 882 3664 986 3718; x_wconf 83' lang='lat' dir='ltr'><strong>Athene</strong></span> <span class='ocrx_word' id='word_1_334' title='bbox 1004 3665 1056 3719; x_wconf 83' lang='lat' dir='ltr'><strong>seit</strong></span> <span class='ocrx_word' id='word_1_335' title='bbox 1073 3663 1133 3718; x_wconf 91' lang='lat' dir='ltr'><strong>dem</strong></span> <span class='ocrx_word' id='word_1_336' title='bbox 1151 3663 1331 3717; x_wconf 84' lang='lat' dir='ltr'><strong>unheilvcllen</strong></span> <span class='ocrx_word' id='word_1_337' title='bbox 1343 3664 1486 3732; x_wconf 81' lang='lat' dir='ltr'><strong>Ausgenge</strong></span> 
     </span>
     <span class='ocr_line' id='line_1_37' title="bbox 255 3749 1488 3819; baseline -0.001 -17"><span class='ocrx_word' id='word_1_338' title='bbox 255 3749 301 3803; x_wconf 84' lang='lat' dir='ltr'><strong>dee</strong></span> <span class='ocrx_word' id='word_1_339' title='bbox 319 3749 574 3819; x_wconf 81' lang='lat' dir='ltr'><strong>peloponneeischen</strong></span> <span class='ocrx_word' id='word_1_340' title='bbox 591 3749 703 3819; x_wconf 77' lang='lat' dir='ltr'><strong>Kriegee</strong></span> <span class='ocrx_word' id='word_1_341' title='bbox 722 3749 845 3814; x_wconf 79' lang='lat' dir='ltr'><strong>uneehen,</strong></span> <span class='ocrx_word' id='word_1_342' title='bbox 864 3749 895 3804; x_wconf 85' lang='lat' dir='ltr'><strong>cf.</strong></span> <span class='ocrx_word' id='word_1_343' title='bbox 913 3766 938 3819; x_wconf 89' lang='lat' dir='ltr'><strong>p.</strong></span> <span class='ocrx_word' id='word_1_344' title='bbox 956 3750 1014 3805; x_wconf 77' lang='lat'><strong>266.</strong></span> <span class='ocrx_word' id='word_1_345' title='bbox 1050 3749 1088 3805; x_wconf 75' lang='lat' dir='ltr'><strong>Gi</strong></span> <span class='ocrx_word' id='word_1_346' title='bbox 1106 3749 1224 3819; x_wconf 83' lang='lat' dir='ltr'><strong>prolegg.</strong></span> <span class='ocrx_word' id='word_1_347' title='bbox 1242 3749 1276 3802; x_wconf 82' lang='lat' dir='ltr'><strong>ed</strong></span> <span class='ocrx_word' id='word_1_348' title='bbox 1294 3749 1414 3804; x_wconf 79' lang='lat' dir='ltr'><strong>Platonis</strong></span> <span class='ocrx_word' id='word_1_349' title='bbox 1432 3764 1488 3803; x_wconf 84' lang='lat' dir='ltr'><strong>rem</strong></span> 
     </span>
     <span class='ocr_line' id='line_1_38' title="bbox 252 3832 574 3905; baseline -0.012 -14"><span class='ocrx_word' id='word_1_350' title='bbox 252 3835 323 3905; x_wconf 82' lang='lat' dir='ltr'><strong>publ</strong></span> <span class='ocrx_word' id='word_1_351' title='bbox 341 3852 367 3905; x_wconf 88' lang='lat' dir='ltr'><strong>p.</strong></span> <span class='ocrx_word' id='word_1_352' title='bbox 383 3832 498 3888; x_wconf 87' lang='lat' dir='ltr'><strong>LXVIII</strong></span> <span class='ocrx_word' id='word_1_353' title='bbox 516 3847 574 3903; x_wconf 78' lang='lat' dir='ltr'><strong>sqq.</strong></span> 
     </span>
    </p>

    <p class='ocr_par' dir='ltr' id='par_1_16' title="bbox 252 3918 1487 4587">
     <span class='ocr_line' id='line_1_39' title="bbox 321 3918 1486 3991; baseline -0.003 -15"><span class='ocrx_word' id='word_1_354' title='bbox 321 3920 364 3989; x_wconf 83' lang='lat'><strong>48)</strong></span> <span class='ocrx_word' id='word_1_355' title='bbox 383 3918 421 3976; x_wconf 78' lang='lat' dir='ltr'><strong>Cf.</strong></span> <span class='ocrx_word' id='word_1_356' title='bbox 448 3919 481 3973; x_wconf 85' lang='lat' dir='ltr'><strong>de</strong></span> <span class='ocrx_word' id='word_1_357' title='bbox 505 3919 600 3988; x_wconf 81' lang='lat' dir='ltr'><strong>philos.</strong></span> <span class='ocrx_word' id='word_1_358' title='bbox 625 3919 716 3976; x_wconf 81' lang='lat' dir='ltr'><strong>Graec.</strong></span> <span class='ocrx_word' id='word_1_359' title='bbox 741 3921 792 3975; x_wconf 82' lang='lat'><strong>11⁸.</strong></span> <span class='ocrx_word' id='word_1_360' title='bbox 820 3921 842 3976; x_wconf 91' lang='lat'><strong>1.</strong></span> <span class='ocrx_word' id='word_1_361' title='bbox 863 3939 888 3991; x_wconf 92' lang='lat' dir='ltr'><strong>p.</strong></span> <span class='ocrx_word' id='word_1_362' title='bbox 915 3920 967 3975; x_wconf 88' lang='grc'><strong>466</strong></span> <span class='ocrx_word' id='word_1_363' title='bbox 984 3921 1044 3975; x_wconf 85' lang='lat' dir='ltr'><strong>adn</strong></span> <span class='ocrx_word' id='word_1_364' title='bbox 1065 3923 1094 3987; x_wconf 93' lang='lat'><strong>1,</strong></span> <span class='ocrx_word' id='word_1_365' title='bbox 1119 3921 1165 3975; x_wconf 90' lang='lat' dir='ltr'><strong>ubi</strong></span> <span class='ocrx_word' id='word_1_366' title='bbox 1189 3920 1274 3975; x_wconf 81' lang='lat' dir='ltr'><strong>heber</strong></span> <span class='ocrx_word' id='word_1_367' title='bbox 1290 3920 1370 3975; x_wconf 83' lang='lat' dir='ltr'><strong>haec:</strong></span> <span class='ocrx_word' id='word_1_368' title='bbox 1396 3919 1486 3973; x_wconf 91' lang='lat' dir='ltr'><strong>Ihrem</strong></span> 
     </span>
     <span class='ocr_line' id='line_1_40' title="bbox 253 4003 1486 4074; baseline -0.001 -16"><span class='ocrx_word' id='word_1_369' title='bbox 253 4004 431 4074; x_wconf 81' lang='lat' dir='ltr'><strong>Hauptzweclr</strong></span> <span class='ocrx_word' id='word_1_370' title='bbox 449 4003 518 4058; x_wconf 82' lang='lat' dir='ltr'><strong>nach</strong></span> <span class='ocrx_word' id='word_1_371' title='bbox 535 4003 622 4072; x_wconf 83' lang='lat' dir='ltr'><strong>gehen</strong></span> <span class='ocrx_word' id='word_1_372' title='bbox 635 4004 678 4059; x_wconf 86' lang='lat' dir='ltr'><strong>die</strong></span> <span class='ocrx_word' id='word_1_373' title='bbox 690 4005 901 4072; x_wconf 81' lang='lat' dir='ltr'><strong>Ilkklesiezueen,</strong></span> <span class='ocrx_word' id='word_1_374' title='bbox 923 4007 972 4060; x_wconf 84' lang='lat' dir='ltr'><strong>wie</strong></span> <span class='ocrx_word' id='word_1_375' title='bbox 991 4006 1047 4060; x_wconf 80' lang='lat' dir='ltr'><strong>dies</strong></span> <span class='ocrx_word' id='word_1_376' title='bbox 1066 4006 1114 4061; x_wconf 86' lang='lat' dir='ltr'><strong>der</strong></span> <span class='ocrx_word' id='word_1_377' title='bbox 1131 4006 1241 4061; x_wconf 78' lang='lat' dir='ltr'><strong>Dichter</strong></span> <span class='ocrx_word' id='word_1_378' title='bbox 1258 4004 1414 4060; x_wconf 85' lang='lat' dir='ltr'><strong>wiederholt</strong></span> <span class='ocrx_word' id='word_1_379' title='bbox 1432 4004 1486 4058; x_wconf 85' lang='lat' dir='ltr'><strong>und</strong></span> 
     </span>
     <span class='ocr_line' id='line_1_41' title="bbox 252 4089 1487 4160; baseline 0 -17"><span class='ocrx_word' id='word_1_380' title='bbox 252 4089 445 4160; x_wconf 77' lang='lat' dir='ltr'><strong>unzweideutig</strong></span> <span class='ocrx_word' id='word_1_381' title='bbox 469 4106 501 4143; x_wconf 81' lang='lat' dir='ltr'><strong>ru</strong></span> <span class='ocrx_word' id='word_1_382' title='bbox 523 4090 664 4144; x_wconf 84' lang='lat' dir='ltr'><strong>veretehen</strong></span> <span class='ocrx_word' id='word_1_383' title='bbox 688 4090 775 4159; x_wconf 81' lang='lat' dir='ltr'><strong>gicht,</strong></span> <span class='ocrx_word' id='word_1_384' title='bbox 801 4091 850 4146; x_wconf 83' lang='lat' dir='ltr'><strong>auf</strong></span> <span class='ocrx_word' id='word_1_385' title='bbox 870 4091 913 4146; x_wconf 85' lang='lat' dir='ltr'><strong>die</strong></span> <span class='ocrx_word' id='word_1_386' title='bbox 939 4092 1063 4160; x_wconf 85' lang='lat' dir='ltr'><strong>gleichen</strong></span> <span class='ocrx_word' id='word_1_387' title='bbox 1088 4092 1224 4147; x_wconf 82' lang='lat' dir='ltr'><strong>eittlichen</strong></span> <span class='ocrx_word' id='word_1_388' title='bbox 1254 4091 1310 4146; x_wconf 89' lang='lat' dir='ltr'><strong>und</strong></span> <span class='ocrx_word' id='word_1_389' title='bbox 1326 4090 1487 4160; x_wconf 84' lang='lat' dir='ltr'><strong>politiechen</strong></span> 
     </span>
     <span class='ocr_line' id='line_1_42' title="bbox 254 4174 1486 4247; baseline 0.002 -20"><span class='ocrx_word' id='word_1_390' title='bbox 254 4174 393 4240; x_wconf 71' lang='lat' dir='ltr'><strong>Zustande,</strong></span> <span class='ocrx_word' id='word_1_391' title='bbox 410 4174 509 4230; x_wconf 81' lang='lat' dir='ltr'><strong>welche</strong></span> <span class='ocrx_word' id='word_1_392' title='bbox 530 4192 581 4230; x_wconf 87' lang='lat' dir='ltr'><strong>von</strong></span> <span class='ocrx_word' id='word_1_393' title='bbox 594 4175 646 4230; x_wconf 86' lang='lat' dir='ltr'><strong>den</strong></span> <span class='ocrx_word' id='word_1_394' title='bbox 657 4176 769 4242; x_wconf 79' lang='lat' dir='ltr'><strong>Rittern,</strong></span> <span class='ocrx_word' id='word_1_395' title='bbox 790 4177 842 4232; x_wconf 84' lang='lat' dir='ltr'><strong>den</strong></span> <span class='ocrx_word' id='word_1_396' title='bbox 855 4176 979 4247; x_wconf 81' lang='lat' dir='ltr'><strong>Weepen,</strong></span> <span class='ocrx_word' id='word_1_397' title='bbox 999 4177 1046 4231; x_wconf 89' lang='lat' dir='ltr'><strong>der</strong></span> <span class='ocrx_word' id='word_1_398' title='bbox 1062 4177 1217 4247; x_wconf 76' lang='lat' dir='ltr'><strong>Lysistrete,</strong></span> <span class='ocrx_word' id='word_1_399' title='bbox 1236 4177 1288 4231; x_wconf 88' lang='lat' dir='ltr'><strong>den</strong></span> <span class='ocrx_word' id='word_1_400' title='bbox 1306 4175 1486 4246; x_wconf 84' lang='lat' dir='ltr'><strong>Thesmopho·</strong></span> 
     </span>
     <span class='ocr_line' id='line_1_43' title="bbox 252 4260 1486 4332; baseline 0.002 -19"><span class='ocrx_word' id='word_1_401' title='bbox 252 4260 372 4314; x_wconf 77' lang='lat' dir='ltr'><strong>nazueeu</strong></span> <span class='ocrx_word' id='word_1_402' title='bbox 396 4264 595 4330; x_wconf 79' lang='lat' dir='ltr'><strong>vomuegeeetzt</strong></span> <span class='ocrx_word' id='word_1_403' title='bbox 611 4261 717 4317; x_wconf 85' lang='lat' dir='ltr'><strong>werden</strong></span> <span class='ocrx_word' id='word_1_404' title='bbox 742 4261 797 4316; x_wconf 89' lang='lat' dir='ltr'><strong>und</strong></span> <span class='ocrx_word' id='word_1_405' title='bbox 814 4262 914 4317; x_wconf 81' lang='lat' dir='ltr'><strong>welche</strong></span> <span class='ocrx_word' id='word_1_406' title='bbox 932 4263 999 4317; x_wconf 77' lang='lat' dir='ltr'><strong>auch</strong></span> <span class='ocrx_word' id='word_1_407' title='bbox 1017 4262 1085 4317; x_wconf 78' lang='lat' dir='ltr'><strong>nach</strong></span> <span class='ocrx_word' id='word_1_408' title='bbox 1104 4262 1151 4316; x_wconf 90' lang='lat' dir='ltr'><strong>der</strong></span> <span class='ocrx_word' id='word_1_409' title='bbox 1168 4262 1356 4317; x_wconf 81' lang='lat' dir='ltr'><strong>Raeteuration</strong></span> <span class='ocrx_word' id='word_1_410' title='bbox 1373 4260 1486 4332; x_wconf 80' lang='lat' dir='ltr'><strong>Thrasy·</strong></span> 
     </span>
     <span class='ocr_line' id='line_1_44' title="bbox 253 4344 1486 4415; baseline 0.002 -17"><span class='ocrx_word' id='word_1_411' title='bbox 253 4344 313 4398; x_wconf 84' lang='lat' dir='ltr'><strong>bule</strong></span> <span class='ocrx_word' id='word_1_412' title='bbox 339 4346 396 4400; x_wconf 84' lang='lat' dir='ltr'><strong>sich</strong></span> <span class='ocrx_word' id='word_1_413' title='bbox 420 4347 495 4401; x_wconf 83' lang='lat' dir='ltr'><strong>nicht</strong></span> <span class='ocrx_word' id='word_1_414' title='bbox 512 4348 642 4415; x_wconf 68' lang='lat' dir='ltr'><strong>geendert</strong></span> <span class='ocrx_word' id='word_1_415' title='bbox 659 4347 766 4402; x_wconf 81' lang='lat' dir='ltr'><strong>hatten:</strong></span> <span class='ocrx_word' id='word_1_416' title='bbox 790 4346 833 4401; x_wconf 87' lang='lat' dir='ltr'><strong>die</strong></span> <span class='ocrx_word' id='word_1_417' title='bbox 851 4347 971 4402; x_wconf 87' lang='lat' dir='ltr'><strong>Weiber·</strong></span> <span class='ocrx_word' id='word_1_418' title='bbox 996 4347 1050 4402; x_wconf 82' lang='lat' dir='ltr'><strong>und</strong></span> <span class='ocrx_word' id='word_1_419' title='bbox 1069 4346 1346 4415; x_wconf 79' lang='lat' dir='ltr'><strong>thtergemeinschalt</strong></span> <span class='ocrx_word' id='word_1_420' title='bbox 1363 4346 1428 4400; x_wconf 86' lang='lat' dir='ltr'><strong>wird</strong></span> <span class='ocrx_word' id='word_1_421' title='bbox 1446 4347 1486 4400; x_wconf 77' lang='lat' dir='ltr'><strong>ale</strong></span> 
     </span>
     <span class='ocr_line' id='line_1_45' title="bbox 254 4429 1485 4503; baseline 0.001 -18"><span class='ocrx_word' id='word_1_422' title='bbox 254 4429 478 4486; x_wconf 75' lang='lat' dir='ltr'><strong>demolrratisches</strong></span> <span class='ocrx_word' id='word_1_423' title='bbox 490 4432 605 4498; x_wconf 73' lang='lat' dir='ltr'><strong>Extrem,</strong></span> <span class='ocrx_word' id='word_1_424' title='bbox 622 4432 696 4486; x_wconf 81' lang='lat' dir='ltr'><strong>nicht</strong></span> <span class='ocrx_word' id='word_1_425' title='bbox 715 4432 754 4486; x_wconf 83' lang='lat' dir='ltr'><strong>ele</strong></span> <span class='ocrx_word' id='word_1_426' title='bbox 767 4432 974 4503; x_wconf 82' lang='lat' dir='ltr'><strong>Himgespiunet</strong></span> <span class='ocrx_word' id='word_1_427' title='bbox 987 4433 1059 4487; x_wconf 84' lang='lat' dir='ltr'><strong>eines</strong></span> <span class='ocrx_word' id='word_1_428' title='bbox 1077 4432 1312 4487; x_wconf 80' lang='lat' dir='ltr'><strong>aristelrretiechen</strong></span> <span class='ocrx_word' id='word_1_429' title='bbox 1329 4432 1485 4486; x_wconf 76' lang='lat' dir='ltr'><strong>Doctn‘nlim</strong></span> 
     </span>
     <span class='ocr_line' id='line_1_46' title="bbox 254 4516 625 4587; baseline 0.003 -17"><span class='ocrx_word' id='word_1_430' title='bbox 254 4516 302 4571; x_wconf 83' lang='lat' dir='ltr'><strong>auf</strong></span> <span class='ocrx_word' id='word_1_431' title='bbox 317 4517 360 4571; x_wconf 85' lang='lat' dir='ltr'><strong>die</strong></span> <span class='ocrx_word' id='word_1_432' title='bbox 377 4517 471 4572; x_wconf 82' lang='lat' dir='ltr'><strong>Btlhne</strong></span> <span class='ocrx_word' id='word_1_433' title='bbox 489 4517 625 4587; x_wconf 79' lang='lat' dir='ltr'><strong>gebracht</strong></span> 
     </span>
    </p>
   </div>
   <div class='ocr_carea' id='block_1_15' title="bbox 0 0 1630 4867">
    <p class='ocr_par' dir='ltr' id='par_1_17' title="bbox 0 0 1630 4867">
     <span class='ocr_line' id='line_1_47' title="bbox 0 0 1630 4867; baseline 0 0"><span class='ocrx_word' id='word_1_434' title='bbox 0 0 1630 4867; x_wconf 95' lang='lat' dir='ltr'><strong> </strong></span> 
     </span>
    </p>
   </div>
  </div>
 </body>
</html>
