3242 4867
690 196 904 303 434...

266 395 339 471 lam
361 401 470 486 vides
493 416 712 493 quantopere
735 431 798 494 per
819 430 859 475 se
881 407 1017 475 laboret
1039 405 1099 473 illa
1121 404 1304 476 sententia.
1340 403 1414 476 Sed

180 506 411 574 labefactatur
433 507 547 595 magis
570 508 675 576 etiam
698 533 740 576 ea
763 533 811 592 re,
835 512 931 596 quod
954 512 999 576 ab
1016 513 1159 597 Engero
1175 522 1210 578 et
1225 509 1414 578 Amoldtio

179 607 276 674 nulla
292 620 345 676 est
359 610 503 696 gravior
518 634 625 680 causa
641 612 756 694 allata,
773 636 837 681 cur
849 612 1013 680 mulieres
1026 613 1189 695 rusticae,
1206 637 1294 700 quas
1305 623 1414 681 statu·

179 723 288 793 erant,
312 735 384 779 non
403 713 558 781 redirent
573 717 618 782 ad
633 719 850 783 orchestram
865 738 983 802 neque
997 738 1079 783 cum
1096 718 1301 803 Praxagora
1315 740 1415 804 spec·

180 826 337 882 tarentur
359 815 395 882 in
418 816 565 903 pulpito.
604 818 743 885 Etenim
764 818 795 886 si
818 818 914 885 illinc
937 830 1037 885 erant
1053 842 1124 885 una
1139 821 1318 905 profectae
1333 844 1415 887 cum

180 918 333 999 urbanis,
357 942 420 986 cur
442 930 565 1005 postea
587 922 684 986 nulla
708 921 935 989 excusatione
958 945 978 988 a
1001 932 1106 1008 poeta
1128 924 1221 989 facta
1236 945 1309 989 non
1324 923 1414 990 redi·

180 1033 291 1102 erunt,
315 1044 395 1089 cum
419 1022 500 1089 illae
523 1025 568 1090 ad
591 1023 777 1109 pristinum
793 1026 911 1092 locum
934 1026 1215 1092 reverterentur?
1254 1027 1346 1092 Nam
1369 1028 1416 1092 ad

178 1123 365 1191 consilium
396 1124 432 1191 in
464 1125 629 1193 contione
660 1128 750 1194 bene
780 1128 975 1213 perfectum
997 1148 1070 1193 non
1093 1126 1208 1194 minus
1231 1128 1416 1195 valuerant

181 1249 286 1314 quam
309 1227 443 1295 amicae
466 1232 632 1296 urbanae.
679 1231 808 1297 Nonne
836 1230 871 1296 id
894 1231 999 1315 plane
1023 1232 1189 1297 abhorret
1211 1233 1256 1297 ab
1280 1230 1415 1299 Aristo-

180 1329 306 1417 phanis
323 1329 584 1398 comoediarum
600 1332 866 1414 consuetudine,
883 1343 917 1399 et
931 1331 1190 1419 spectatoribus
1206 1332 1415 1400 rusticarum

180 1431 366 1499 mulierum
387 1435 473 1521 fuga
497 1445 531 1500 et
552 1434 714 1515 deserti0,
738 1445 776 1501 ut
799 1434 847 1501 ita
870 1434 995 1516 dicam,
1018 1434 1179 1503 nonfuit
1202 1435 1277 1501 iure
1300 1458 1415 1522 aeque

179 1535 402 1617 admiranda,
441 1547 547 1623 atque
579 1539 676 1623 quod
708 1560 750 1605 ex
782 1537 921 1604 illorum
951 1536 1127 1608 sententia
1159 1549 1281 1624 postea
1310 1539 1413 1605 salta·

180 1637 306 1704 tricum
337 1649 478 1705 caterva
508 1650 561 1707 est
582 1639 699 1707 subito
723 1640 900 1707 immissa?
945 1640 1032 1707 Mihi
1055 1639 1208 1727 quidem,
1231 1640 1261 1708 si
1284 1643 1414 1708 chorus

180 1762 252 1807 non
276 1742 423 1809 redisset
445 1742 548 1825 idem,
571 1742 632 1830 qui
656 1766 699 1809 ex
722 1746 902 1810 orchestra
925 1745 1103 1829 profectus
1127 1754 1210 1824 erat,
1234 1755 1328 1810 certe
1351 1766 1416 1829 per

181 1845 420 1931 Praxagoram
443 1845 479 1911 in
503 1845 578 1913 eius
601 1848 647 1913 ad
669 1848 817 1914 chorum
840 1844 1000 1914 oratione
1023 1846 1163 1913 videtur
1181 1845 1414 1931 Aristophani

180 1949 421 2015 excusandum
442 1947 561 2018 fuisse.

270 2136 419 2203 Retineo
457 2136 566 2224 igitur
602 2137 811 2206 sententiam
849 2160 957 2224 supra
988 2137 1177 2205 indicatam
1210 2138 1414 2206 universum

183 2240 347 2321 chorum,
378 2242 505 2327 quiex
528 2243 709 2309 orchestra
731 2242 776 2308 ad
800 2241 1002 2309 contionem
1026 2243 1203 2328 profectus
1227 2253 1318 2323 erat,
1342 2240 1413 2328 epi-

181 2343 353 2427 parodum
377 2343 413 2409 in
436 2345 651 2411 orchestram
673 2343 808 2412 fecisse.
855 2344 904 2411 At
927 2366 1018 2430 quae
1047 2354 1130 2412 sunt
1152 2343 1415 2431 intellegendae

180 2444 325 2513 comites
356 2448 581 2534 Praxagorae
620 2447 655 2512 in
689 2469 854 2515 scaenam
884 2447 1091 2516 advenisse?
1137 2449 1229 2513 Nam
1261 2470 1338 2515 eam
1371 2471 1415 2514 ex

180 2548 346 2616 contione
368 2572 440 2616 non
464 2550 650 2618 revertisse
671 2551 783 2617 solam
806 2572 879 2616 non
901 2551 1005 2618 facile
1029 2548 1103 2632 erit,
1128 2548 1213 2636 quin
1232 2552 1415 2617 concedat.

181 2650 221 2720 Si
244 2673 489 2737 comparamus
512 2674 555 2720 ex
579 2651 682 2721 Pacis
704 2653 847 2719 fabulae
870 2677 925 2719 vv.
949 2669 1013 2738 729
1034 2676 1129 2739 sqq.:

309 2804 402 2894 ἡμεῖς
424 2803 564 2885 δὲτέως
587 2803 758 2873 τάδετὰ
784 2804 909 2893 σκεύη
931 2803 1221 2890 παραδόντες

313 2914 407 2987 τοῖς
428 2902 697 2989 ἀκολούθοις
719 2911 826 2996 δῶμεν
849 2906 972 2991 σώζειν,
997 2907 1042 2988 ὡς
1063 2906 1205 2975 εἰώθασι
1227 2906 1373 2992 μάλιστα

311 3009 388 3100 περὶ
410 3011 470 3091 τοὶς
487 3009 608 3101 οκήνας
623 3013 776 3079 πλεῖστοι
790 3011 930 3079 κλέπτοι
946 3007 1126 3093 κυπτάζειν
1140 3009 1198 3076 καὶ
1213 3016 1416 3077 κακοποιεῖν.

227 3118 231 3125 ’
314 3109 398 3182 ἀλλὰ
421 3112 600 3204 φυλάττετε
622 3111 710 3182 τοῦτ’
734 3109 909 3202 ἀνδρείως·

180 3256 276 3320 haud
298 3254 383 3336 scio,
407 3277 453 3320 an
476 3276 598 3325 omnes
615 3254 839 3321 difficultates
861 3252 964 3320 facile
987 3263 1243 3320 removeantur.
1278 3251 1418 3337 Oppor-

179 3368 264 3423 tune
286 3356 451 3423 nimirum
476 3359 715 3441 Praxagoram
746 3357 872 3422 ducem
901 3366 984 3422 sunt
1013 3364 1157 3422 secutae
1187 3352 1334 3420 comites
1356 3375 1416 3420 ne-

182 3480 252 3545 que
285 3480 375 3544 opus
408 3470 484 3526 erat
512 3461 605 3526 hanc
635 3481 708 3526 rem
737 3480 856 3526 coram
879 3457 1136 3544 spectatoribus
1160 3456 1337 3541 explicare
1359 3449 1416 3521 vel

181 3582 360 3628 excusare.
406 3562 509 3645 Quae
531 3584 611 3629 cum
634 3561 731 3627 illam
753 3583 826 3627 non
849 3571 994 3646 possent
1017 3559 1168 3646 amplius
1191 3557 1310 3645 sequi,
1334 3568 1418 3644 apte

182 3662 456 3730 demittebantur
484 3663 521 3728 in
551 3667 766 3731 orchestram
795 3686 837 3730 ea
858 3686 967 3730 causa
990 3663 1141 3748 prolata,
1173 3671 1211 3727 ut
1233 3663 1417 3728 choreuta-

182 3789 259 3833 rum
282 3765 469 3853 pristinum
491 3767 655 3833 vestitum
678 3768 783 3853 plane
807 3766 1040 3833 restituerent.
1074 3766 1118 3830 Et
1141 3775 1281 3850 praeter
1302 3762 1417 3829 histri·

182 3892 289 3936 onum
320 3872 638 3957 choreutarumque
669 3869 799 3937 iustum
829 3891 1015 3935 numerum
1046 3867 1151 3933 etiam
1173 3889 1306 3953 paucas
1329 3864 1417 3931 alias

183 3994 352 4059 personas
381 3971 489 4039 fuisse
519 3974 565 4039 ad
593 3972 749 4038 fabulam
779 3972 956 4059 agendam
979 3968 1207 4050 necessarias,
1236 3990 1301 4054 pro
1324 3978 1420 4034 certe

183 4076 443 4141 demonstratur
464 4100 520 4141 vv.
544 4076 616 4158 833,
641 4075 703 4155 867
725 4097 776 4160 sq.
807 4086 842 4141 et
872 4072 1092 4140 anicularum
1116 4073 1161 4138 de
1184 4071 1311 4137 iuvene
1334 4091 1417 4136 con·

183 4175 432 4260 tentione100).
486 4178 711 4263 Quamquam
750 4172 998 4263 περιστίαρχος,
1037 4174 1099 4261 qui
1128 4198 1160 4240 v.
1188 4175 1247 4239 128
1276 4171 1419 4238 iubetur

183 4277 406 4346 circumferre
437 4279 638 4359 mustelam,
675 4300 753 4343 meo
785 4278 929 4363 quidem
962 4275 1094 4345 iudicio
1127 4298 1200 4342 non
1230 4275 1352 4343 aderat
1380 4272 1417 4341 in

244 4550 304 4622 100)
324 4547 362 4608 Gi
379 4547 514 4619 ungarum
531 4547 581 4606 ll
598 4565 623 4619 p.
641 4546 698 4617 260,
715 4546 839 4609 Boanum
857 4549 874 4612 l,
890 4549 906 4605 1
924 4567 949 4627 p.
968 4548 1027 4612 112.
