3242 4867
655 149 867 215 ..17-

146 328 187 371 ea
218 327 256 371 re
286 315 367 372 sunt
399 306 544 391 prolata.
590 303 750 389 Quorum
781 303 955 370 sententia
985 326 1030 370 ne
1058 305 1108 372 eis
1137 305 1279 392 quidem
1309 329 1381 373 non

146 419 198 475 est
221 409 445 488 confirmata,
476 431 568 494 quae
599 409 644 473 de
677 407 928 494 particularum
960 409 1180 494 quarundam
1212 431 1279 476 usu
1303 410 1381 476 Pla·

146 511 264 577 tonico
289 510 539 597 Dittenberger
563 509 747 592 docuit⁴⁹)
771 532 934 595 quaeque
957 510 1026 578 illis
1048 534 1162 599 nuper
1178 512 1382 580 adiecerunt

148 613 345 681 Schanzius
359 614 410 697 ⁵⁰)
435 625 469 680 et
491 614 645 680 Ritterus
660 615 720 696 51).

234 718 367 783 Verum
389 716 565 783 mittamus
588 718 686 783 haec.
732 716 871 782 Etenim
895 716 964 782 iam
986 717 1071 784 satis
1094 717 1181 783 mihi
1200 717 1323 784 videor
1338 719 1382 785 de

146 818 427 901 Atheniensium,
458 820 520 905 qui
542 831 617 886 tum
639 821 791 900 fuerunt,
816 819 971 886 moribus
995 822 1103 886 verba
1125 820 1253 887 fecisse
1276 831 1382 907 atque

146 922 231 989 satis
261 922 311 988 eis
335 923 576 1009 respondisse,
607 922 668 1008 qui
692 921 1015 989 Ecclesiazusarum
1038 933 1287 1008 argumentum
1310 946 1394 989 nonv

146 1027 192 1091 ad
222 1047 356 1106 veram,
386 1026 449 1091 sed
481 1026 526 1091 ad
556 1025 673 1091 fictam
704 1045 777 1090 rem
808 1024 986 1111 publicam
1017 1025 1194 1112 pertinere
1216 1026 1284 1093 sibi
1307 1048 1382 1112 per·

28 1163 29 1170 .
102 1169 106 1175 ·
150 1138 345 1196 suaserunt.
391 1126 577 1193 Emanavit
600 1126 718 1214 igitur,
742 1137 780 1192 ut
803 1126 1009 1193 comoediae
1025 1126 1308 1214 Aristophaneae
1332 1140 1384 1194 est

148 1231 348 1318 proprium,
382 1252 401 1296 e
431 1229 582 1296 civitatis
614 1240 706 1296 statu
737 1252 778 1296 ac
805 1230 1087 1316 temporibus-⁷³²)
1111 1241 1145 1296 et
1166 1230 1268 1317 quasi
1291 1231 1383 1297 ultro

147 1344 274 1420 poetae
295 1355 374 1399 sese
397 1332 532 1398 obtulit.

234 1436 307 1501 Iam
339 1457 430 1521 quae
453 1434 719 1522 praecipiuntur
744 1436 788 1500 de
811 1433 997 1501 mulierum
1020 1434 1178 1522 imperi0,
1208 1459 1314 1523 quam
1337 1439 1383 1503 ob

151 1562 224 1605 rem
255 1548 338 1605 sunt
369 1537 573 1624 proposita?
618 1539 760 1604 Numne
789 1536 899 1604 solius
934 1537 1003 1604 ioci
1035 1540 1164 1605 causa?
1216 1540 1307 1605 Nam
1339 1541 1384 1605 ad

151 1640 309 1707 Platonis
348 1640 640 1727 philosophorum
678 1661 828 1727 regnum
864 1639 1105 1727 sugillandum
1143 1640 1204 1707 vix
1237 1654 1385 1728 possunt

149 1742 334 1830 pertinere.
380 1743 551 1829 Spectant
580 1743 760 1824 nimirum,
795 1743 831 1808 id
859 1744 955 1829 quod
978 1766 1050 1810 non
1072 1743 1175 1810 facile
1198 1743 1385 1831 quisquam

149 1845 277 1933 poterit
299 1867 442 1931 negare,
467 1856 505 1911 ut
527 1857 655 1913 cuncta
678 1848 723 1912 ad
739 1868 812 1913 rem
829 1846 1016 1932 publicam.
1063 1847 1136 1911 Iam
1152 1845 1269 1912 omnia
1284 1847 1384 1933 vulgi

149 1947 344 2015 mobilitate
374 1960 475 2014 erant
503 1959 645 2014 tentata.
700 1951 819 2016 Unum
852 1947 1103 2034 populiscitum
1133 1949 1233 2015 brevi
1261 1972 1385 2036 seque-

150 2053 254 2117 batur
283 2050 446 2131 alterum,
479 2072 589 2116 unum
620 2053 730 2117 altero
762 2051 1011 2135 abrogabatur.
1067 2051 1230 2137 Denique
1259 2063 1386 2119 cuncta

150 2154 361 2219 videbantur
393 2152 563 2219 dissoluta
595 2163 629 2218 et
659 2153 886 2234 labefactata,
903 2145 1005 2218 ‘nihil
1034 2152 1070 2218 in
1093 2153 1199 2220 tantis
1221 2155 1386 2221 fluctibus

39 2321 40 2324 ,
150 2266 322 2322 constare.
369 2255 466 2339 Quid
489 2255 597 2341 igitur
613 2255 748 2336 mirum,
772 2256 869 2341 quod
886 2256 1071 2342 desperata
1086 2256 1241 2323 virorum
1258 2257 1386 2323 virtute

153 2368 187 2424 et
211 2356 342 2424 auxilio
366 2368 470 2442 poeta
493 2360 538 2424 ad
561 2357 785 2432 mulierculas
808 2359 885 2424 vult
900 2358 950 2425 rei
966 2358 1130 2445 publicae
1145 2360 1388 2444 gubernacula

41 2479 42 2492 ¹
152 2460 292 2526 delata?
336 2461 439 2527 Hanc
462 2461 555 2527 enim
579 2461 750 2527 rationem
773 2483 879 2527 unam
900 2460 984 2528 dicit
999 2462 1157 2528 nondum
1174 2484 1250 2529 esse
1266 2462 1387 2529 initam

152 2565 193 2629 cf.
218 2588 249 2628 v.
273 2561 348 2645 456.
394 2565 438 2629 Et
459 2574 576 2630 tamen
598 2563 807 2630 feminarum
831 2563 1023 2631 dominatio
1039 2563 1156 2630 multis
1173 2566 1278 2631 rebus
1294 2588 1386 2632 com·

153 2666 355 2746 mendatur,
388 2688 536 2751 quarum
571 2678 624 2734 est
652 2666 877 2752 gravissima,
911 2667 1007 2753 quod
1038 2666 1119 2732 illae
1150 2667 1387 2751 agricolarum

151 2790 247 2833 more
268 2779 351 2834 sunt
372 2768 627 2851 stabilissimae,
651 2783 689 2837 ut
708 2770 855 2836 Catonis
878 2769 994 2836 verbis
1018 2781 1105 2851 utar,
1130 2792 1196 2836 nec
1213 2792 1384 2836 novarum

154 2891 269 2934 rerum
292 2871 452 2957 cupidae.
498 2873 600 2956 Quae
626 2871 733 2937 animi
755 2872 927 2939 stabilitas
951 2872 1033 2939 inde
1056 2896 1086 2939 a.
1110 2897 1142 2938 v.
1167 2891 1230 2955 214
1254 2873 1389 2959 aliquot

154 2971 322 3059 exemplis
354 2976 612 3059 comprobatur.
658 2974 903 3059 Quaecunque
930 2975 1158 3041 mulierculae
1181 2974 1387 3060 suscipiunt,

154 3075 345 3140 moliuntur
375 3071 487 3157 ὥσπερ
517 3073 572 3138 καὶ
603 3074 668 3159 πρὸ
699 3079 756 3140 τοῦ
786 3085 892 3161 atque
921 3076 1004 3140 κατὰ
1034 3075 1091 3140 τὸν
1119 3071 1254 3160 ἀρχαῖον
1276 3071 1387 3159 νόμον,

154 3176 272 3260 Quid?
296 3177 393 3263 quod
416 3177 462 3242 ad
485 3178 576 3243 hanc
600 3176 763 3243 virtutem
786 3179 961 3243 accedunt
976 3178 1088 3244 aliae?
1134 3179 1225 3244 Nam

224 3413 268 3482 49)
288 3413 327 3469 Oi
344 3414 434 3470 Herm.
453 3415 503 3470 vol.
520 3414 590 3480 XVI,
607 3431 633 3484 p.
650 3413 700 3469 321
719 3430 775 3485 sqq.

224 3500 268 3568 50)
286 3498 324 3555 Of.
343 3500 430 3556 Herm.
456 3501 504 3556 vol⁴
523 3501 603 3567 XXI,
629 3518 652 3571 p.
671 3500 722 3557 439
741 3517 798 3572 sqq.
838 3500 890 3557 Ubi
915 3518 983 3571 quas
1006 3502 1042 3557 ed
1064 3505 1183 3557 nostram
1208 3504 1391 3572 quaestionem

155 3585 313 3654 pertineant,
337 3586 421 3642 habes
448 3588 528 3641 haec:
551 3587 638 3642 Wenn
657 3587 700 3641 die
717 3586 923 3642 Ekklesiazusen
947 3604 991 3641 um
1009 3588 1074 3648 390.
1099 3590 1149 3643 wie
1168 3587 1234 3643 (lotz
1259 3590 1288 3643 in
1305 3591 1392 3645 seiner

158 3670 338 3725 Dissertation
349 3672 391 3727 De
408 3672 572 3743 temporibus
590 3673 790 3728 Ecclesiazuson
801 3672 989 3743 Aristophanis
1006 3674 1160 3744 behauptet,
1176 3674 1314 3744 abgsfesst
1325 3675 1392 3741 sind,

159 3771 187 3808 so
206 3757 278 3810 kann
296 3755 339 3810 die
356 3758 501 3824 Annahme,
526 3758 588 3812 dass
606 3759 667 3813 dem
684 3758 796 3813 Dichter
813 3758 913 3812 hierfflr
931 3759 978 3813 das
998 3758 1084 3813 fdnfte
1101 3761 1176 3815 Buch
1195 3760 1242 3815 der
1259 3761 1393 3830 Republik

154 3841 262 3910 vorleg‚
289 3842 442 3912 unmoglich
471 3843 592 3898 eustocht
617 3843 738 3906 erhalten
762 3843 883 3909 werden3
907 3843 977 3898 donn
1002 3844 1088 3900 dieses
1112 3845 1187 3900 Buch
1211 3846 1272 3899 fult
1296 3847 1324 3900 in
1350 3847 1393 3903 die

156 3927 247 3981 zueite
266 3926 426 3998 Stilperiode
443 3929 498 3983 und
515 3929 551 3982 ist
569 3929 649 3983 somit
666 3946 684 3983 n
695 3929 760 3983 ech
778 3928 839 3983 dem
857 3929 1015 4000 Symposion
1032 3931 1197 3986 entstanden.

229 4012 273 4074 51)
293 4011 331 4067 cf.
349 4012 587 4082 Untersuchungen
604 4014 688 4069 ueber
705 4013 791 4068 Plato.
827 4013 927 4085 serug.
945 4034 968 4072 a
988 4015 1061 4082 1888,
1078 4034 1103 4086 p.
1121 4017 1154 4071 52
1172 4033 1229 4087 sqq.

224 4097 269 4165 52)
288 4096 361 4163 Quae
379 4100 513 4154 sententia
531 4100 719 4170 comprobatur
737 4100 818 4154 etiam
837 4117 852 4154 a
869 4100 1000 4168 Platoniq
1019 4103 1065 4171 qui
1083 4103 1116 4158 de
1129 4102 1259 4157 different
1278 4103 1395 4159 comoed

155 4183 219 4237 dicit
244 4183 323 4238 haec:
350 4186 444 4238 σκοποῦ
470 4185 519 4253 γὰρ
542 4180 612 4246 ὄντος
635 4188 668 4255 τῇ
693 4181 789 4255 ἀρχαίᾳ
815 4188 943 4257 κωμῳδίᾳ
970 4192 1014 4241 τοῦ
1035 4190 1160 4241 σκώπτειν
1178 4187 1278 4256 δήμους
1297 4191 1341 4241 καὶ
1359 4195 1395 4243 δι-

155 4268 253 4327 καστάς
266 4270 310 4320 καὶ
323 4269 490 4339 στρατηγούς,
508 4272 635 4338 παρεὶς
652 4270 666 4325 ὁ
684 4268 940 4340 Ἀριστοφάνης
957 4272 992 4326 τό
1013 4275 1174 4339 corditer
1192 4271 1396 4338 οἷποοκῶψαι

153 4352 196 4409 διὰ
223 4353 265 4407 τὸν
291 4355 366 4408 πολὺν
396 4355 475 4427 φόβον
499 4358 621 4412 Αἴολον
646 4355 682 4410 τὸ
713 4358 831 4423 δρᾶμα
855 4357 884 4411 τὸ
911 4357 1006 4426 γραφὲν
1024 4364 1078 4417 τοῖς
1095 4365 1237 4425 τραγῳδοῖς
1254 4357 1292 4419 οἷς
1309 4363 1399 4418 κακῶς

153 4439 215 4512 ἔχον
236 4438 363 4508 διασύρει.

1171 4526 1188 4581 2
