3242 4867
708 132 920 201 ..26-

193 332 357 388 vescente
386 332 583 408 temporum
612 322 796 409 iniquitate
828 322 1089 390 comoediarum
1117 322 1274 389 actiones
1298 322 1430 409 primas

193 447 271 491 esse
302 424 338 490 in
370 426 565 511 periculum
596 437 749 494 vocatas.
796 425 934 492 Etenim
965 448 1178 511 quamquam
1209 425 1306 512 plebi
1329 437 1431 492 erant

193 527 527 612 iucundissimae⁵)‚
559 540 675 596 tamen
705 552 777 596 non
807 530 932 596 eodem
963 530 1152 595 utebantur
1181 528 1364 595 vetustatis
1395 539 1430 594 et

192 629 388 698 sanctitatis
412 632 589 718 praesidio
613 643 718 719 atque
741 632 810 698 alia
833 631 990 699 eiusdem
1014 630 1156 718 generis
1179 631 1370 698 certamina
1395 642 1431 697 et

194 732 244 798 illi
268 732 335 819 ipsi
358 733 488 800 civium
504 734 630 816 ordini,
654 758 675 800 a
691 758 762 821 quo
777 745 939 821 sumptus
958 733 1261 820 impendebantur,
1285 744 1431 821 propter

196 835 438 904 cavillationes
472 849 572 904 erant
601 838 748 905 infestae
778 848 884 924 atque
914 836 1058 903 invisae.
1104 838 1227 923 Itaque
1258 859 1338 903 cum
1360 836 1431 902 iam

193 938 329 1024 pridem
361 939 595 1007 Antimachea
610 943 641 1024 6)
671 952 706 1007 51
738 939 1017 1026 Syracosiana⁷)
1048 938 1293 1025 rogationibus
1323 939 1430 1007 comi·

176 1062 314 1108 'corum
345 1042 560 1127 petulantiae
591 1053 707 1110 essent
732 1042 822 1109 freni
845 1041 1003 1123 adhibiti,
1034 1054 1232 1128 temporum
1255 1041 1430 1128 angustiis

194 1144 308 1230 magis
331 1144 516 1231 magisque
539 1145 698 1212 adauctis
721 1144 927 1212 comoediae
949 1143 1114 1211 universa
1130 1144 1219 1211 ratio
1235 1155 1361 1231 coepta
1377 1155 1430 1212 est

195 1246 411 1312 commutari.
458 1248 549 1313 Nam
572 1270 652 1314 cum
667 1249 846 1313 Ranarum
869 1247 989 1312 fabula
1013 1269 1085 1328 non
1104 1258 1197 1313 esset
1212 1246 1249 1312 in
1264 1270 1429 1314 scaenam

194 1349 338 1415 inducta
360 1348 428 1416 nisi
452 1351 602 1416 duorum
625 1353 861 1436 choragorum
882 1349 1110 1416 facultatibus
1132 1349 1269 1416 collatis
1282 1352 1321 1431 8),
1353 1373 1429 1416 cur·

165 1496 168 1502 -
194 1474 271 1518 sum
296 1451 537 1519 sublimiorem
568 1464 713 1539 propter
734 1451 972 1519 subsidiorum
996 1451 1202 1518 tenuitatem
1225 1474 1270 1519 ne
1294 1451 1430 1519 Aristo·

194 1555 333 1640 phanea
348 1553 491 1640 quidem
507 1554 691 1621 comoedia
707 1554 821 1642 potuit
836 1565 965 1621 tenere.
1009 1556 1141 1620 Verum
1157 1554 1294 1622 etiamsi
1311 1556 1428 1641 Agyr-

194 1656 262 1721 rhii
275 1659 305 1739 9)
339 1655 524 1741 rogatione
555 1659 753 1724 mercedem
787 1668 970 1743 poetarum
1002 1656 1217 1723 comicorum
1250 1656 1430 1724 minuente

194 1781 304 1844 grave
327 1761 506 1845 quoddam
529 1760 776 1827 detrimentum
799 1772 892 1828 esset
910 1771 1105 1847 acceptum,
1128 1761 1246 1846 quoad
1263 1760 1339 1827 eius
1354 1760 1430 1826 fieri

195 1872 342 1947 poterat,
366 1862 492 1948 prioris
515 1864 653 1930 volatus
675 1864 759 1931 fecit
781 1863 950 1951 pericula.
998 1862 1136 1929 Etenim
1159 1851 1317 1929 nondum
1334 1862 1429 1929 mali·

192 1964 328 2050 gnitate
352 1965 580 2049 Cinesiae10)
613 1977 687 2033 erat
715 1967 796 2053 lege
824 1965 1069 2046 constitutum,
1101 1987 1147 2032 ne
1177 1965 1257 2052 quis
1280 1964 1432 2052 amplius

194 2066 310 2133 choris
352 2067 496 2135 comicis
536 2079 697 2155 sumptus
737 2067 966 2155 suppeditare
1008 2079 1205 2153 cogeretur.
1269 2069 1430 2153 Quorum

196 2170 327 2236 auxilio
351 2170 520 2256 quamdiu
543 2171 643 2239 licuit
666 2172 726 2252 uti,
756 2171 920 2238 omnibus
944 2170 1079 2257 ingenii
1101 2170 1327 2238 facultatibus
1350 2193 1431 2238 evo·

195 2272 282 2339 catis
305 2273 341 2338 id
364 2272 439 2358 egit
458 2273 725 2360 Aristophanes
749 2284 787 2340 ut
809 2273 979 2360 pristinae
1002 2273 1207 2340 comoediae
1223 2273 1431 2359 dignitatem

195 2386 360 2441 tueretur.
406 2377 525 2463 Atque
558 2378 594 2443 in
617 2377 734 2445 studio
757 2399 799 2443 eo
824 2379 1070 2463 persequendo
1093 2376 1159 2444 etsi
1181 2378 1344 2443 fortunae
1366 2376 1430 2442 ini·

194 2477 328 2563 quitate
362 2502 551 2565 oppressus
581 2482 626 2546 ad
656 2491 850 2547 extremum
881 2479 986 2547 cessit
1016 2491 1214 2566 temporum
1244 2478 1371 2545 rationi
1395 2490 1430 2545 et

195 2580 433 2663 inclinationi,
464 2594 580 2650 tamen
612 2607 684 2650 non
716 2583 819 2650 facile
851 2583 981 2651 iustum
1012 2594 1046 2650 et
1075 2594 1235 2650 tenacem
1259 2581 1432 2669 propositi

195 2682 309 2749 virum
341 2684 471 2751 civium
501 2689 607 2753 ardor
637 2711 658 2753 a
689 2685 847 2754 consiliis
877 2685 1034 2753 removit.
1081 2685 1192 2752 Cuius
1216 2684 1433 2772 pertinaciae

265 2975 291 3043 5)
310 2974 350 3030 Cf.
369 2975 610 3045 Pseudo-Xenoph.
631 2975 664 3029 de
681 2976 784 3046 republ.
803 2976 902 3031 Athen.
915 2975 950 3041 ΙΙ,
969 2976 1016 3040 18;
1033 2975 1169 3030 Plutarchi
1186 2974 1282 3029 Moral.
1295 2991 1323 3044 p.
1336 2972 1386 3029 801
1398 2973 1433 3029 Β.

196 3060 348 3115 Pletoniam
369 3061 388 3115 l.
407 3061 425 3115 l.
446 3061 461 3132 ξ
479 3061 505 3117 3.

263 3163 290 3231 6)
309 3163 350 3219 ef.
370 3163 459 3218 Schol.
479 3164 514 3219 ad
530 3164 597 3220 Ach.
617 3181 642 3218 v.
661 3164 701 3228 67,
719 3181 744 3218 r.
766 3164 841 3218 1150.

266 3249 362 3305 Oobeti
380 3249 512 3305 observat.
533 3249 617 3305 critic.
636 3250 664 3304 in
681 3249 787 3303 Platon.
807 3249 900 3304 comici
918 3248 1043 3319 reliquias
1060 3266 1087 3318 p.
1107 3248 1123 3303 9
1141 3265 1199 3317 sqq.

262 3335 371 3403 Bergkii
396 3336 495 3405 scripta
520 3336 615 3389 minor.
641 3334 682 3398 11,
707 3352 734 3404 p.
761 3335 813 3389 450
838 3334 899 3389 adn.
930 3336 959 3398 7;
997 3334 1090 3388 Keckii
1117 3334 1266 3402 quaestion.
1292 3333 1431 3401 Aristoph.

193 3439 221 3490 p.
241 3420 273 3474 12
292 3437 365 3489 sqq.;
400 3420 583 3474 Zielinskium:
609 3421 650 3474 De
675 3421 819 3489 partitione
845 3420 997 3474 comoediae
1022 3419 1172 3475 Atticorum
1198 3419 1322 3487 antiquae
1345 3435 1373 3487 p.
1398 3419 1433 3472 55

194 3505 254 3560 adn.
272 3504 295 3559 6.
313 3505 365 3559 Ubi
383 3522 451 3574 quae
469 3505 502 3559 de
516 3505 667 3559 Antimachi
685 3505 842 3574 cognomine
861 3506 1008 3574 suspicatus
1027 3507 1076 3568 est,
1095 3536 1123 3542 -
1143 3503 1357 3558 &cremationem
1376 3503 1434 3557 eius

196 3590 229 3645 de
247 3590 307 3658 lege
325 3590 499 3645 Antimachca
525 3591 701 3660 conscriptam
725 3591 790 3644 mihi
816 3607 870 3644 non
886 3591 963 3644 licuit
979 3589 1109 3659 inspicere
1127 3620 1161 3626 -
1178 3605 1271 3642 vereor
1288 3605 1322 3642 ne
1341 3587 1374 3641 (15
1395 3588 1434 3641 eis

194 3676 230 3729 sit
253 3676 324 3729 idern
345 3675 471 3751 indicium
495 3676 633 3730 ferendum
658 3679 738 3745 atque
764 3675 798 3729 dc
823 3674 1136 3744 Muelleri-Strnebingii
1161 3673 1196 3728 de
1219 3674 1338 3728 Diotimo
1364 3689 1436 3727 com·

194 3762 300 3816 mentis.
337 3761 421 3816 Vide:
452 3762 494 3814 De
511 3762 689 3831 Aristophane
711 3765 739 3815 et
762 3764 821 3815 arte
846 3761 937 3815 critica
954 3760 1082 3814 historica
1098 3776 1125 3829 p.
1145 3759 1195 3815 703
1213 3776 1272 3828 sqq.
1309 3758 1435 3813 Ceterum

193 3847 226 3904 cf.
246 3847 373 3902 Litterar.
393 3845 539 3901 Centralbl.
560 3864 584 3901 a.
606 3846 679 3912 1884,
696 3864 723 3915 p.
744 3845 825 3910 laen
851 3846 986 3914 Philolog.
1005 3845 1167 3899 Rundschau
1185 3862 1209 3900 a.
1231 3844 1305 3910 1884,
1323 3862 1350 3913 p.
1370 3844 1432 3899 988.

195 3933 318 3987 Bursian.
338 3931 491 3987 Jahresber.
511 3949 535 3986 a.
556 3931 624 3987 1884
641 3932 686 3997 IV,
707 3949 733 4000 p.
753 3930 814 3986 364.

263 4020 290 4082 1)
308 4017 348 4073 ef.
369 4017 453 4071 schol.
473 4017 508 4072 ad
525 4017 574 4072 Ar.
594 4033 619 4070 v.
640 4016 721 4082 1297;
745 4016 855 4085 Bergkii
879 4018 1021 4071 comment.
1048 4006 1434 4084 communicareque.

194 4103 319 4173 antiquae
345 4121 372 4174 p.
392 4102 443 4157 372
462 4105 490 4157 et
507 4103 598 4172 script.
617 4102 711 4156 minor.
731 4102 784 4155 vol.
804 4102 839 4167 IL
864 4119 891 4172 p.
911 4102 977 4167 459;
1003 4100 1130 4155 Meinekii
1147 4101 1241 4155 histor.
1260 4100 1345 4155 critic.
1364 4115 1433 4155 com.

195 4187 289 4260 Graec.
306 4206 334 4258 p.
354 4189 388 4243 40
406 4205 475 4258 555,
500 4188 631 4243 Cobetum
648 4188 668 4241 l.
687 4187 706 4241 l.
725 4204 753 4257 p.
772 4187 806 4243 36
825 4204 883 4256 sqq.

261 4273 288 4342 8)
307 4273 347 4329 of.
367 4275 479 4329 Aristot.
502 4273 573 4341 apud
591 4272 673 4327 schol
689 4275 757 4327 Rau.
776 4289 801 4326 r.
822 4273 882 4326 404.
1017 4291 1019 4294 ·

263 4359 290 4428 9)
310 4358 350 4415 cf.
370 4360 454 4414 schol.
473 4358 508 4413 ad
525 4358 594 4412 Rau.
614 4375 638 4412 v.
657 4357 724 4423 3673
742 4358 826 4412 schol.
846 4357 881 4413 ad
898 4358 1000 4414 1155155.
1019 4376 1044 4414 r.
1066 4358 1124 4416 102.

250 4445 293 4518 10)
312 4444 352 4501 cf.
372 4445 454 4504 schel.
475 4443 639 4502 56115155.
660 4442 716 4509 153,
736 4460 761 4500 v.
779 4442 840 4500 404.
