3242 4867
705 100 900 163 „9-

272 267 374 350 Quae
397 290 476 333 cum
500 267 548 334 ita
569 267 648 348 sint,
673 291 745 335 non
768 268 844 334 iure
866 290 952 335 sane
975 267 1127 334 aPetito
1149 267 1299 353 aliisque
1313 279 1420 334 statu·

186 380 260 435 tum
290 380 343 436 est
374 369 626 440 Philochorum
656 369 842 455 συμμαχίαν
870 370 965 436 illam
997 370 1033 456 in
1065 393 1159 437 anno
1194 370 1420 456 Diophanteo

187 471 258 552 (Ol.
281 471 333 555 96,
358 474 391 555 2)
414 472 583 557 posuisse.
631 473 780 540 Videtur
802 473 930 559 potius,
954 483 1124 558 quantum
1147 472 1250 551 nobis
1273 472 1355 539 licet
1371 472 1419 538 iu·

186 573 315 655 dicare,
347 596 425 640 eam
447 574 622 642 rettulisse
645 577 690 641 ad
713 586 910 662 praetorem
934 575 1184 641 Phormionem
1207 574 1278 656 (Ol.
1300 575 1354 659 96,
1381 578 1421 659 1).

124 681 127 686 ’
187 677 278 742 Nam
310 698 390 742 eum
413 676 595 744 Atthidem
622 677 863 762 composuisse
886 700 930 744 ex
952 677 1207 744 consuetudine
1230 677 1420 758 annalium,

190 789 228 844 ut
250 801 338 863 quas
362 801 416 846 res
439 790 557 864 gestas
580 780 765 860 enarravit,
795 781 991 846 secundum
1014 790 1216 865 praetorum
1239 779 1420 865 magistra·

186 891 242 947 tus
265 881 477 965 disponeret,
501 893 595 949 recte
619 882 821 949 observavit
837 881 1113 965 Boeckhius31).
1160 883 1283 967 ltaque
1305 879 1419 963 nobis,

185 982 319 1050 sicum
343 984 403 1065 eis,
434 1006 525 1070 quae
548 983 856 1070 comprobavimus
880 986 924 1050 de
945 982 1098 1050 foederis
1121 995 1288 1070 tempore,
1319 987 1421 1051 scho-

186 1085 308 1152 liastae
337 1086 600 1153 adnotationem
614 1089 665 1170 ³²)
689 1085 957 1171 coniungimus,
989 1108 1061 1152 non
1086 1085 1155 1151 iam
1179 1097 1217 1152 ut
1240 1085 1421 1153 Boeckhio

187 1188 458 1274 ambigendum,
496 1190 559 1256 sed
590 1199 709 1275 aperte
744 1190 981 1274 profitendum
1009 1199 1061 1255 est
1090 1211 1111 1254 a
1143 1188 1257 1255 Petito
1288 1188 1420 1275 quique

188 1312 269 1356 eum
301 1304 384 1357 sunt
406 1291 537 1373 secuti,
568 1290 814 1383 emendatione
838 1291 897 1356 illa
919 1293 1074 1377 probata
1090 1313 1206 1377 neque
1229 1291 1301 1357 ulla
1322 1313 1421 1377 prae-

186 1404 282 1459 terea
304 1393 502 1460 mutatione
521 1393 557 1459 in
580 1373 715 1461 scholio
739 1392 893 1460 admissa
916 1403 1060 1478 propter
1083 1391 1280 1460 Diodorum
1301 1393 1421 1460 Eccle-

186 1494 401 1562 siazusarum
423 1496 578 1562 fabulam
601 1518 673 1563 non
697 1496 742 1562 ad
765 1506 940 1581 quartum,
970 1496 1033 1562 sed
1059 1496 1104 1561 ad
1127 1495 1266 1562 tertium
1290 1518 1421 1562 annum

188 1598 245 1664 Ol.
268 1598 310 1682 96
332 1599 453 1665 referri
476 1598 650 1665 debuisse.

96 1730 98 1735 ·
277 1702 410 1768 Verum
426 1700 495 1766 iam
511 1702 555 1767 de
572 1712 721 1786 utroque
737 1722 831 1767 anno
848 1710 964 1766 actum
976 1710 1038 1781 est,
1055 1710 1242 1786 postquam
1254 1699 1421 1767 Goetzius

186 1825 207 1869 a
240 1802 405 1869 Palmerii
442 1803 703 1889 suspicionibus
734 1804 912 1889 profectus
942 1802 1139 1869 luculenter
1170 1801 1421 1869 demonstravit

186 1927 267 1972 eum
306 1916 435 1972 statum
467 1927 583 1972 rerum
616 1903 904 1984 Atheniensium,
945 1926 1051 1989 quam
1087 1923 1131 1971 ex
1166 1903 1420 1971 Ecclesiazusis

186 2006 445 2093 cognoscimus,
476 2031 557 2073 cum
580 2007 640 2074 illo
664 2018 822 2092 tempore
845 2028 917 2071 non
940 2027 1148 2091 congruere,
1179 2007 1242 2073 sed
1265 2005 1419 2091 aliquem

186 2133 317 2189 annum
349 2109 597 2195 subsequentis
626 2108 837 2195 olympiadis
868 2107 1025 2175 indicare
1054 2109 1195 2175 fabulae
1222 2131 1299 2176 esse
1322 2119 1419 2174 nata·

186 2212 316 2278 licium.
361 2214 481 2297 Atque
511 2215 579 2279 hac
609 2211 752 2297 quidem
782 2210 818 2276 in
848 2232 886 2276 re
909 2233 989 2277 cum
1012 2210 1073 2278 illo
1097 2233 1218 2278 omnes
1241 2212 1287 2277 ad
1311 2234 1419 2277 unum

186 2314 429 2396 consentiunt,
468 2314 530 2400 qui
569 2336 646 2380 eam
678 2312 920 2399 quaestionem
956 2323 1078 2398 postea
1107 2324 1346 2380 tractaverunt
1359 2317 1418 2392 ³³).

187 2417 260 2484 Sed
283 2417 379 2502 quod
403 2418 643 2484 demonstrare
664 2414 799 2482 studuit
821 2437 902 2481 eum
925 2437 1056 2481 annum
1079 2438 1157 2482 esse
1181 2416 1237 2482 Ol.
1260 2431 1344 2500 97,3,
1376 2438 1418 2483 ea

188 2606 275 2658 torum
298 2603 402 2672 legatos
428 2604 482 2658 iam
500 2609 625 2659 autumno
644 2603 707 2658 anni
724 2620 747 2658 a
765 2601 825 2657 Chr.
843 2618 867 2656 n
885 2601 936 2658 396
953 2602 1073 2657 Athenas
1091 2604 1195 2658 venisse
1213 2603 1265 2658 sibi
1281 2604 1420 2675 persuasit

188 2687 226 2743 Cf.
244 2687 337 2742 Annal.
354 2688 445 2758 philol
463 2689 514 2744 vol
532 2689 616 2759 suppl
633 2688 692 2754 VII,
709 2706 734 2758 p.
752 2687 809 2743 667.
844 2687 915 2741 Nam
932 2688 1003 2742 inter
1020 2688 1113 2742 foedus
1131 2688 1225 2742 initum
1244 2692 1272 2743 et
1288 2689 1422 2743 Lacedae·

186 2774 334 2828 moniorum
360 2774 462 2829 cladem
486 2778 613 2829 nontam
630 2775 743 2828 multum
761 2774 889 2843 temporis
906 2773 1065 2839 interfuisse,
1092 2776 1184 2843 aperte
1202 2777 1317 2829 testatur
1334 2775 1421 2828 Xeno·

185 2859 257 2929 phou
274 2859 315 2912 his
332 2859 433 2914 verbis:
451 2861 474 2912 οἱ
492 2859 536 2925 μὲν
554 2859 588 2927 δὴ
608 2862 719 2928 Θηβαῖοι
737 2854 892 2918 ἀπελθόντες
910 2858 1128 2924 παρεσκευάζοντο
1145 2855 1182 2918 nic
1201 2855 1378 2924 ἀμυνούμενοι,
1397 2860 1421 2912 οἱ

185 2941 208 2998 δ’
226 2941 359 3009 Ἀθηναῖοι
377 2941 413 3003 οἷς
432 2945 620 3012 βοηθήσοντες·
640 2944 685 2997 καὶ
703 2942 754 3011 μὴν
771 2945 795 2996 οἱ
814 2938 1013 3009 Λακεδαιμόνιοι
1031 2940 1066 2995 ου’
1076 2942 1151 2995 κέτι
1169 2943 1329 3009 ἔμελλον,
1355 2940 1420 2997 oillei

185 3028 336 3086 Παυσανίας
362 3027 406 3092 μὲν
432 3026 448 3082 0¹
476 3028 596 3097 βασιλεῦς
623 3027 758 3094 ἐπορεύετο
776 3028 814 3086 εἰς
830 3025 878 3091 τήν
896 3028 1019 3080 Βοιωτίαν
1038 3063 1164 3079 ........
1184 3025 1246 3082 dot
1264 3028 1421 3093 Λύσανδρος,
1518 3049 1521 3054 ’

185 3106 256 3178 ἄγων
282 3109 313 3165 τὰ
339 3107 389 3165 ἀπὸ
410 3112 525 3165 Φωκίων
550 3112 595 3165 καὶ
619 3109 775 3181 Ὀρχομενοῦ
802 3112 846 3163 καί
870 3111 921 3163 τῶν
947 3108 1003 3163 κατ’
1029 3111 1114 3164 ἐκεῖνα
1139 3112 1241 3180 χωρίων
1267 3112 1422 3178 στράτευμα,

186 3195 277 3264 ἔφθη
295 3195 352 3250 τᾶν
371 3197 578 3249 Παυσανίαν
597 3196 631 3249 ἐν
649 3198 693 3266 τῷ
711 3193 884 3263 Ἁλιάρτῳ
902 3194 1100 3262 γενόμενος,
1120 3196 1278 3251 lime.
1297 3198 1336 3251 17.

257 3283 301 3351 31)
320 3282 414 3353 Script
431 3283 523 3337 minor.
541 3282 591 3337 vol
609 3283 639 3348 V,
657 3300 680 3352 p.
698 3280 756 3336 403.

253 3367 556 3437 samosatensem
583 3367 755 3424 didascalion]
782 3366 816 3421 ab
842 3365 900 3436 ipso
917 3366 1076 3421 Philochoro
1104 3382 1164 3421 cum
1188 3367 1323 3423 societatis
1349 3367 1420 3423 illius

185 3471 255 3509 anno
281 3456 449 3509 coniunctam
467 3471 537 3520 esse,
562 3457 593 3509 ut
610 3454 696 3508 voluit
712 3452 811 3507 Bodius
830 3452 858 3506 in
876 3452 967 3508 histor.
984 3469 1055 3522 pees.
1073 3451 1183 3508 hamat
1202 3452 1294 3509 Graec.
1312 3455 1362 3509 vol
1380 3456 1422 3510 Π]

184 3542 250 3609 part
268 3540 342 3595 alter.
360 3558 385 3611 p.
403 3540 453 3596 361
473 3540 568 3606 αἰναί,
585 3540 654 3595 hane
671 3539 833 3594 sententiam
851 3538 975 3593 Goetzius
992 3539 1050 3593 iure
1061 3538 1090 3593 in
1102 3539 1296 3594 dubitationem
1308 3542 1421 3606 vocavit,

185 3624 215 3680 cf.
232 3626 248 3678 l.
266 3626 284 3678 l.
301 3643 326 3695 p.
343 3627 360 3679 4
378 3643 415 3695 sq.
449 3626 563 3680 Exstant
580 3629 623 3680 sat
639 3626 717 3680 multi
734 3625 799 3690 loci,
824 3624 919 3694 quibus
938 3625 1066 3679 evincitur
1085 3624 1256 3680 scholiastam
1273 3626 1360 3696 ipsum
1379 3643 1417 3692 ea,

184 3726 252 3780 quae
277 3710 348 3780 apud
364 3711 551 3766 Philochorum
576 3711 674 3766 aliosve
696 3711 839 3781 scriptores
857 3711 999 3765 seeundum
1018 3714 1169 3780 praetorum
1187 3728 1271 3766 annos
1289 3711 1420 3782 disposita

183 3796 326 3860 invenerat,
338 3796 373 3850 ad
388 3796 535 3851 fabularum
548 3797 713 3863 didascalias,
726 3814 794 3866 quse
805 3797 857 3866 ipsi
869 3800 947 3851 erant
958 3798 1045 3861 notae,
1057 3797 1199 3851 rettulisse.
1233 3797 1301 3851 Vide
1314 3796 1418 3851 Goetaii

184 3880 367 3939 additamenta
383 3882 411 3936 in
428 3882 486 3936 Act
504 3883 593 3937 societ
611 3883 701 3953 philol.
719 3882 788 3952 Lips.
806 3885 863 3936 tom
888 3882 934 3946 VL
958 3899 982 3951 p.
1000 3880 1051 3936 343
1070 3898 1107 3950 sq.
1125 3881 1235 3936 Praeter
1251 3883 1331 3946 locos,
1350 3897 1416 3952 qnos

183 3966 229 4021 ille
251 3966 344 4021 attilii
367 3967 395 4020 in
413 3967 599 4022 dissertatione
624 3985 649 4037 p.
668 3969 685 4021 4
702 3984 747 4037 sq,
767 3967 798 4021 ef.
817 3966 898 4022 schol
916 3967 950 4021 ad
968 3968 1046 4036 Vesp.
1065 3984 1105 4021 vv.
1123 3967 1185 4031 240,
1211 3967 1276 4031 718;
1303 3967 1338 4021 ad
1355 3967 1417 4021 Pae.

8 4017 14 4054 ‘⁴
183 4069 207 4107 v.
224 4052 289 4126 θνα
307 4052 348 4107 aa
366 4052 426 4122 aya.
444 4069 467 4106 v.
486 4052 565 4117 nan
584 4052 618 4107 aa
635 4053 700 4108 nan.
717 4069 740 4107 v.
758 4053 816 4106 no.

251 4136 295 4205 33)
314 4137 443 4192 Velsenus
467 4137 483 4191 l
509 4137 526 4189 l.
553 4153 577 4206 p.
596 4137 659 4202 393;
686 4137 846 4191 Ribbeckius
863 4137 880 4189 l.
898 4136 914 4191 t
931 4153 956 4206 p.
973 4137 1040 4201 4513
1067 4136 1183 4190 Steinius
1201 4136 1218 4189 l.
1235 4136 1253 4189 l.
1269 4152 1295 4205 p.
1312 4137 1342 4201 43
1368 4137 1419 4191 Be·

182 4222 285 4277 lochius
303 4223 320 4277 l
337 4222 354 4277 l
371 4241 397 4293 p.
413 4223 479 4288 3573
496 4223 669 4277 Fraenlrelius
686 4223 714 4276 in
733 4222 822 4276 adnot
833 4222 885 4276 424
904 4221 938 4276 ad
950 4221 1078 4276 Boeekhii
1090 4221 1186 4277 librum
1200 4222 1232 4276 de
1246 4238 1335 4277 oecon.
1349 4223 1415 4293 publ

184 4308 473 4463 qiviztgoritheniensium
491 4309 600 4363 tertium
618 4308 718 4363 editum
736 4306 779 4377 (cf.
797 4306 909 4378 append
927 4307 963 4361 ad
978 4308 1029 4362 vol
1047 4308 1081 4374 Π,
1103 4325 1128 4378 p.
1146 4307 1203 4377 65);
1221 4306 1352 4364 Christius
1372 4309 1389 4361 l.
1407 4308 1424 4363 l
