3242 4867
744 117 957 189 ..18-

454 306 604 400 χρήματα
626 306 774 397 πορίζειν
795 304 1024 397 εὐπορώτατον
1046 304 1131 398 γυνη,

453 409 598 500 ίίρχουσυί
619 408 645 479 τ’
670 406 726 480 οὐκ
748 408 788 478 dv
810 410 1036 500 ἐξαπατηθείη
1059 411 1144 478 ποτέ

237 518 306 600 (vv,
329 518 393 601 236
413 520 490 604 sq.).
536 519 589 585 Cf.
613 543 645 584 v.
668 535 745 601 441.

456 625 592 704 γυναῖκα
613 614 644 685 d’
671 612 757 685 εἶναι
778 614 902 706 πρᾶγμ’
925 616 988 706 ἔφη
1010 617 1228 703 νουβυστικὸν.

456 721 512 787 καὶ
532 719 788 809 χρηματοποιόν.

323 827 446 911 Itaque
475 836 580 912 poeta
611 825 687 892 iure
717 825 854 892 civibus
886 825 1039 892 ostendit
1068 847 1167 911 spem
1199 824 1384 891 mulierum
1408 825 1468 890 im-

225 928 336 1017 perio
359 939 394 995 et
416 927 605 995 stabilitate
628 950 701 994 rem
725 927 902 1014 publicam
926 929 1067 994 tandem
1091 949 1134 992 ex
1156 926 1268 993 turbis
1291 927 1468 993 fluctibus·

236 1054 306 1117 que
346 1031 585 1097 confirmatam
623 1032 669 1096 ad
707 1030 890 1116 pristinam
926 1030 1129 1096 felicitatem
1160 1029 1351 1096 redituram
1384 1052 1467 1097 esse.

236 1135 318 1218 Quo
346 1133 493 1200 consilio
518 1135 667 1220 probato
690 1155 762 1200 non
786 1135 983 1199 defuturam
1007 1132 1092 1199 dicit
1115 1132 1302 1219 pecuniam
1325 1145 1360 1200 et
1382 1134 1468 1200 cele·

235 1239 374 1303 bratum
397 1234 439 1301 iri
462 1236 596 1322 epulas,
622 1236 746 1322 quales
769 1235 933 1302 omnibus
956 1234 1092 1301 civibus
1115 1246 1214 1301 erant
1237 1246 1468 1322 comparatae,

236 1362 316 1406 cum
340 1339 442 1405 Cono
474 1349 554 1424 post
583 1338 733 1405 reditum
763 1337 800 1403 in
828 1336 977 1424 patriam
1006 1339 1137 1404 factum
1160 1337 1214 1403 dis
1237 1340 1468 1405 hecatomben

237 1442 506 1524 immolarem).

322 1544 462 1629 Quibus
491 1542 660 1630 expositis
692 1544 761 1609 iam
783 1544 866 1610 licet
889 1543 1013 1625 redire,
1044 1544 1139 1609 unde
1164 1542 1314 1628 digressi
1337 1565 1467 1610 sumus.

236 1650 309 1713 Iam
332 1647 435 1727 enim,
459 1647 575 1728 credo,
600 1646 668 1713 illis
691 1668 845 1732 quoque,
869 1646 930 1732 qui
946 1646 1196 1732 Aristophanis
1213 1646 1257 1713 de
1272 1667 1310 1711 re
1326 1644 1469 1732 publica

235 1749 463 1817 consiliorum
486 1749 602 1816 minus
623 1760 707 1816 sunt
729 1749 843 1836 periti,
874 1748 978 1815 facile
1001 1748 1217 1835 probabitur,
1241 1770 1332 1834 quae
1355 1748 1400 1815 sit
1419 1748 1469 1812 in·

234 1854 436 1938 tellegenda
466 1847 607 1937 σωτηρία
638 1874 659 1917 a
687 1852 911 1937 Thrasybulo
944 1851 1119 1937 impedita.
1173 1850 1275 1917 Pacis
1304 1850 1469 1916 nimirum

234 1977 333 2041 spem
356 1953 633 2021 Atheniensibus
665 1954 839 2021 affulsisse
868 1977 889 2019 a
911 1964 1017 2040 poeta
1039 1953 1231 2035 indicatur,
1263 1975 1343 2019 cum
1367 1952 1468 2018 dicit:

235 2054 379 2144 σωτηρία
401 2054 604 2144 παρέκυψεν.
650 2059 724 2123 Pax
749 2056 842 2123 enim
865 2054 1098 2142 Aristophani
1119 2078 1259 2141 semper
1281 2077 1352 2120 una
1375 2056 1470 2121 salus

234 2182 272 2226 re
295 2181 379 2227 vera
401 2159 477 2226 visa
499 2170 552 2226 est
566 2159 628 2243 54).
675 2144 798 2245 Itaque
820 2159 920 2225 locus
943 2157 1002 2224 ille
1025 2159 1231 2244 desperatus
1251 2159 1317 2224 hac
1334 2157 1468 2224 ratione

234 2261 445 2349 explicatur,
477 2262 573 2348 quod
598 2261 842 2347 Thrasybulus
865 2260 946 2347 paci
968 2283 1049 2326 cum
1073 2259 1363 2327 Lacedaemoniis
1386 2259 1468 2325 faci-

235 2366 347 2431 endae
384 2364 450 2431 fuit
479 2364 729 2451 impedimento
761 2375 867 2450 atque
896 2364 942 2429 ad
973 2385 1051 2429 eam
1083 2362 1356 2429 dissuadendam
1391 2383 1469 2429 sese

234 2467 342 2554 paulo
377 2467 585 2535 insolentius
615 2467 650 2532 in
682 2466 881 2533 concilium·
901 2465 1109 2545 insinuavit,
1149 2487 1363 2551 quamquam
1395 2487 1468 2531 non

236 2581 309 2636 erat
331 2581 487 2637 vocatus.

321 2674 424 2757 Quae
446 2672 477 2739 si
499 2669 694 2753 statuimus,
717 2671 804 2757 quid
826 2670 894 2737 sibi
910 2670 995 2737 velit
1009 2672 1156 2737 verbum
1175 2665 1318 2754 ὁρίζεται
1335 2672 1380 2736 ab
1396 2692 1467 2736 om-

234 2775 340 2841 nibus
363 2774 493 2842 criticis
516 2774 731 2859 exagitatum
744 2776 806 2857 ⁵⁵),
831 2795 947 2859 perse
963 2773 1189 2857 intellegitur.
1235 2772 1373 2840 Etenim
1390 2796 1469 2840 cum

234 2872 408 2961 ὁρίζεσθαι
438 2875 483 2942 sit
513 2877 585 2942 fere
618 2875 710 2941 idem
740 2886 847 2961 atque
870 2874 1026 2956 definire,
1060 2885 1223 2956 statuere,
1256 2875 1469 2942 constituere

235 2979 291 3060 (cf.
316 2978 481 3064 Aeschyl.
506 2977 631 3064 Suppl.
653 3000 709 3044 vv,
733 2979 796 3059 378
818 3000 888 3063 sq.:
920 2970 1090 3059 ὕπαστρον
1119 2975 1157 3041 δέ
1188 3001 1240 3041 τοι
1268 2978 1373 3065 μῆχαρ
1397 2976 1467 3063 ορί-

234 3080 333 3165 ζομαι
355 3077 459 3164 γάμοι)
481 3077 675 3166 δύσφρονος)
698 3082 754 3147 vel
776 3080 844 3147 sibi
867 3080 1048 3146 vindicare
1071 3081 1127 3162 (cf.
1145 3079 1227 3146 ibid.
1245 3104 1300 3146 vv.
1317 3081 1383 3162 246
1397 3104 1469 3166 sq.:

235 3180 388 3269 ὁρίζομαι
417 3182 455 3249 δὲ
483 3178 540 3271 τήν
569 3179 604 3248 τε
626 3187 822 3271 Περραιβῶν
842 3180 949 3263 χθόνα
972 3178 1097 3248 Πίνδου
1118 3206 1154 3247 τε
1176 3176 1385 3267 τάπέκεινα),
1418 3205 1469 3249 re·

234 3286 406 3373 prehendi
422 3285 560 3352 videtur
577 3286 832 3372 Thrasybulus,
856 3286 953 3370 quod
967 3306 1046 3351 sese
1066 3295 1136 3350 tam
1152 3287 1305 3371 superbe
1320 3295 1469 3370 gereret,

234 3389 336 3474 quasi
357 3387 426 3455 sibi
448 3388 510 3453 uni
533 3398 571 3453 ut
594 3388 670 3474 regi
694 3398 785 3455 esset
807 3388 903 3454 salus
926 3387 1069 3472 publica
1092 3389 1223 3454 tuenda
1245 3386 1385 3473 sibique
1408 3388 1470 3453 uni

302 3574 346 3643 53)
365 3573 404 3629 cf.
422 3574 517 3629 Athen
543 3591 569 3644 p.
594 3574 611 3629 3
630 3574 655 3630 d.
674 3573 763 3628 Κόνων
782 3574 811 3628 δὲ
830 3576 862 3644 τῇ
882 3575 940 3642 περὶ
958 3575 1053 3628 Κνίδον
1071 3575 1200 3644 ναυμαχίᾳ
1218 3574 1328 3643 νικήσας
1346 3580 1471 3628 Λακεδαι-

234 3661 332 3726 μονίους
355 3659 400 3712 καὶ
424 3660 538 3729 τειχίσας
564 3658 609 3713 τὸν
627 3661 735 3726 Πειρειᾶ
763 3660 912 3729 ἑκατόμβην
936 3663 973 3730 τῷ
1001 3656 1054 3713 ὄντι
1078 3658 1161 3719 briaae
1185 3661 1229 3713 καί
1248 3658 1277 3714 σύ
1295 3660 1473 3727 ψευδωνύμως

232 3744 327 3805 πάντας
344 3742 497 3811 Ἀἓηναίσυς
518 3746 653 3799 εἱστίασεν.

301 3832 345 3899 54)
364 3829 402 3886 ef.
420 3831 548 3886 Roseheri
571 3831 669 3887 librum
699 3831 732 3886 de
756 3830 910 3902 Thucydide
934 3833 1081 3903 composito
1105 3850 1130 3902 p.
1155 3832 1206 3887 300
1231 3850 1301 3902 sqq„
1325 3850 1351 3903 p.
1374 3832 1425 3887 307
1444 3834 1472 3886 et

233 3916 354 3971 Teuffelii
372 3916 475 3980 librum.
494 3917 539 3986 qui
556 3917 709 3972 inscribitur
728 3917 840 3973 Studien
858 3919 913 3973 und
931 3917 1176 3973 Charalrteristiken
1192 3935 1218 3988 p.
1236 3918 1271 3973 98
1288 3934 1345 3987 sqq.

301 4002 345 4071 55)
362 4003 424 4058 Jam
443 4002 619 4057 Schneiderus
636 4002 665 4058 in
682 4002 793 4073 praefat.
811 4004 846 4058 ad
863 4005 928 4058 Xon.
947 4003 1050 4059 Hellen
1067 4021 1093 4074 p.
1106 4004 1156 4059 104
1173 4004 1224 4058 hoe
1242 4004 1351 4059 verbum
1369 4004 1473 4057 censuit

231 4088 304 4142 nullo
331 4088 411 4142 modo
438 4088 501 4143 ferri
526 4105 612 4158 posse.
648 4088 733 4156 Quem
760 4093 867 4145 secutus
885 4090 1033 4144 Brunolrius
1058 4090 1209 4160 proposuit:
1234 4086 1291 4142 ἀλλ’
1314 4086 1342 4143 ου’
1361 4089 1472 4158 χρήζετε

233 4172 412 4244 Θρασύβουλον
431 4171 508 4228 ου’τὸν
526 4172 584 4242 ου’χ)
602 4174 831 4244 παρακαλούμενοι,
850 4176 1003 4230 Bentleius:
1028 4174 1173 4239 ω’στίζεται.
1192 4176 1337 4245 Seageme:
1356 4174 1473 4239 ἐρίζεται.

233 4260 346 4315 Bothius
370 4263 398 4314 et
422 4259 576 4315 Dindorfius
603 4261 734 4316 scribunt:
767 4259 822 4314 ἀλλ’
848 4258 877 4314 ου’
903 4260 1024 4326 ῥύσεται,
1058 4261 1226 4317 Hermaunue
1252 4265 1280 4316 et
1306 4260 1474 4316 Badhamue:

234 4342 372 4412 ὀργίζεται,
390 4345 553 4400 Meinekius:
571 4343 699 4417 ωρᾴζεται
717 4344 760 4415 (οἱ
778 4346 856 4401 Vind.
873 4345 1008 4415 Aristoph
1026 4363 1050 4417 p.
1069 4346 1134 4415 188),
1153 4346 1279 4402 Goeizius
1293 4346 1475 4414 μετεωρίζεται

234 4430 276 4502 (ol
293 4431 309 4487 l
326 4431 342 4486 l
358 4449 383 4502 p.
400 4431 452 4503 32),
470 4431 647 4487 Schneiderue
665 4430 694 4484 ἐκ
713 4427 736 4484 δ’
755 4429 867 4497 ὁρίζεται
884 4431 927 4497 (ef.
945 4432 962 4486 l.
981 4433 998 4486 l
1015 4449 1040 4503 p.
1057 4431 1130 4503 433).
