3242 4867
667 180 881 246 „3-

156 351 245 439 ὑμᾶς
268 353 319 436 (v.¹
331 356 386 437 32)
409 353 529 421 formis
553 345 820 421 demonstratur.
867 353 965 437 Quot
996 347 1104 434 igitur
1126 347 1200 413 fere
1222 353 1304 411 sunt
1326 349 1393 406 sta-

155 456 302 525 tuendi?
347 458 571 543 Quamquam
594 458 662 522 hoc
685 454 828 541 quidem
851 456 930 521 loco
954 453 1013 520 vix
1035 474 1125 537 opus
1148 462 1201 517 est
1216 451 1260 515 ad
1276 448 1395 515 vivum

156 563 252 626 hane
276 581 349 625 rern
373 580 542 639 resecare,
566 568 682 626 tamen
705 558 750 623 ad
773 557 960 624 consilium
977 554 1167 641 diligenter
1182 575 1395 639 persequen-

158 664 243 729 dum
268 662 334 729 erit
357 661 485 728 utilius.

244 802 484 885 Praxagoram
506 798 536 865 si
560 796 805 885 persequimur
828 819 891 883 per
907 795 1013 863 totius
1037 795 1179 882 prologi
1195 796 1394 875 decursum,

157 925 335 989 nusquam
367 901 566 968 invenimus
601 899 787 982 indicium,
826 901 921 965 unde
953 898 1047 964 illam
1080 898 1244 965 comitem
1275 920 1396 964 secum

158 1005 326 1072 habuisse
359 1005 600 1072 concludatur.
654 1005 745 1070 Nam
777 1003 873 1089 quod
905 1027 935 1068 v.
961 1020 998 1068 21
1025 1001 1128 1068 dicit:
1167 997 1268 1088 ἡμᾶς,
1300 1011 1394 1067 certe

158 1131 283 1176 omnes
306 1107 480 1194 intellegit
503 1119 537 1175 et
559 1106 827 1193 comprehendit
849 1104 1023 1187 mulieres,
1047 1127 1138 1192 quae
1162 1104 1237 1171 eius
1254 1102 1395 1171 consilii

163 1222 266 1278 erant
295 1210 468 1278 consciae.
522 1211 680 1295 Itemque
714 1207 831 1276 verbis
861 1204 890 1273 εἰ
912 1206 1083 1293 μέμνησθε
1105 1203 1154 1272 ἔτι
1177 1208 1222 1289 (ν.
1246 1209 1301 1290 22)
1324 1230 1397 1274 non

158 1312 353 1400 alloquitur
382 1312 537 1394 comiteS,
568 1314 641 1393 sed,
667 1312 702 1378 id
726 1313 822 1398 quod
845 1312 884 1377 fit
905 1311 1110 1397 saepissime
1134 1311 1170 1376 in
1194 1310 1396 1392 comoediis,

159 1439 366 1485 consessum
389 1427 636 1502 spectatorum.
683 1417 870 1481 Praeterea
894 1414 971 1501 ipsa
988 1425 1113 1484 evocat
1128 1413 1235 1481 vicini
1251 1435 1396 1480 uxorem

159 1544 215 1586 vv.
241 1538 281 1602 33
313 1522 364 1606 sq.
419 1518 582 1605 Denique
615 1520 743 1585 verbo:
775 1513 1019 1605 ἐπαναχωρήσω
1049 1539 1193 1604 prorsus
1223 1516 1398 1583 evincitur

159 1621 323 1690 comitem
349 1645 429 1689 cum
454 1624 657 1707 Praxagora
688 1644 760 1687 non
791 1620 827 1685 in
859 1620 1034 1707 pulpitum
1064 1619 1212 1687 venisse.
1264 1619 1318 1686 Ac
1352 1642 1398 1687 ne

160 1724 417 1812 opusgquidem
440 1736 524 1806 erat,
548 1747 628 1791 cum
653 1727 857 1809 Praxagora
880 1723 1055 1810 prodisset
1078 1722 1205 1789 vestitu
1230 1721 1322 1789 virili
1346 1722 1396 1789 in·

161 1819 297 1894 structa
320 1827 518 1914 omniaque,
547 1849 638 1913 quae
660 1828 705 1891 ad
728 1848 801 1891 rern
824 1828 1018 1912 gerendam
1042 1836 1142 1892 erant
1164 1825 1253 1907 usui,
1277 1848 1397 1893 secum

160 1940 326 2017 portaret.
372 1930 479 2014 Quod
502 1931 700 1996 declaratur
723 1929 874 2015 primurn
890 1929 1015 1995 timore
1031 1940 1065 1996 et
1080 1928 1327 2010 sollicitudine,
1352 1951 1398 1995 ne

161 2033 299 2101 veniret
314 2033 350 2099 in
366 2032 431 2099 viri
447 2044 676 2119 conspectum
692 2034 749 2115 (cf.
766 2056 797 2098 v.
815 2051 865 2116 29,
882 2056 937 2098 vv.
955 2034 1017 2114 287
1028 2055 1091 2118 sq,
1108 2034 1150 2099 cf.
1164 2057 1219 2098 vu
1232 2047 1298 2116 479
1308 2055 1395 2118 sqq,

161 2161 193 2203 v.
227 2139 318 2221 495).
373 2135 511 2203 Deinde
550 2158 725 2222 nusquam
753 2146 1046 2202 commemoratur
1077 2136 1114 2200 in
1144 2157 1273 2202 scaena
1303 2134 1397 2200 illam

162 2250 297 2306 vestem
327 2251 496 2320 mutasse,
526 2238 594 2306 nisi
627 2240 723 2325 quod
754 2250 836 2305 ante
866 2237 1061 2305 orationem
1092 2239 1291 2305 habendam
1315 2261 1395 2304 cum

163 2341 287 2429 paucis
318 2341 396 2409 aliis
419 2343 464 2418 (ν.
492 2343 566 2425 122)
592 2341 695 2408 faciei
725 2363 869 2428 quoque
892 2363 1043 2427 persona
1066 2341 1199 2427 pallida
1222 2343 1397 2408 obductae

162 2446 219 2528 (cf.
244 2468 299 2511 vv.
324 2446 384 2527 385
407 2468 495 2532 sqq,
518 2469 549 2510 v.
573 2446 654 2527 428:
678 2440 805 2527 λευκός)
828 2446 938 2510 barba
962 2444 1097 2511 addidit
1120 2443 1330 2511 virilitatem.

249 2584 454 2668 Praxagora
476 2580 585 2667 igitur
603 2582 679 2649 sola
702 2583 747 2648 ad
769 2604 934 2649 scaenam
957 2592 1163 2649 accesserat.
1210 2583 1336 2667 Neque
1360 2583 1395 2649 id

163 2685 299 2754 mirum.
359 2684 497 2751 Etenim
527 2684 707 2751 histrionis
736 2687 867 2771 agebat
898 2696 1033 2771 partes,
1072 2695 1106 2751 et
1138 2707 1319 2770 nunquam
1350 2688 1395 2752 ab

162 2788 402 2874 Aristophane
425 2787 494 2854 illis
517 2787 759 2873 adiunguntur
774 2788 920 2856 comites
936 2789 991 2855 vel
1007 2788 1109 2869 servi,
1133 2787 1201 2854 nisi
1216 2789 1261 2853 ad
1277 2798 1394 2873 partes

163 2883 300 2977 aliquas
323 2892 472 2957 tuendas
495 2902 577 2957 sunt
599 2891 798 2957 necessarii.

249 3030 321 3095 Iam
339 3051 382 3096 ex
397 3028 582 3095 mulierum
598 3038 739 3094 caterva
753 3049 984 3112 segregemus
1000 3029 1095 3108 alias,
1112 3049 1204 3112 quae
1216 3027 1396 3093 histrionis

162 3141 278 3219 partes
306 3130 542 3198 obtinuerunt.
589 3130 707 3215 Atque
730 3128 878 3198 amicam
901 3130 1052 3197 vicinam
1077 3131 1302 3214 Praxagorae
1326 3151 1398 3196 non

160 3235 269 3301 fuisse
292 3258 312 3300 e
335 3256 480 3301 numero
507 3236 753 3300 choreutarum
777 3232 847 3298 iarn
872 3255 892 3297 a
918 3232 1044 3298 Beerio
1060 3244 1113 3298 est
1129 3231 1396 3315 coniectum⁶³).

163 3338 271 3422 Quod
293 3337 338 3403 ad
361 3349 495 3404 certum
518 3335 690 3421 redigitur
712 3358 754 3403 ea
777 3358 824 3417 re,
848 3337 944 3422 quod
965 3335 1060 3400 illam
1076 3356 1219 3421 quoque
1234 3334 1394 3402 videmus

164 3451 199 3506 et
221 3439 350 3506 calceis
375 3441 431 3520 (cf.
454 3435 659 3523 ὑποδουμένη
689 3463 721 3505 v.
752 3439 806 3522 36)
830 3451 865 3506 et
894 3449 992 3506 veste
1022 3437 1115 3504 virili
1145 3439 1191 3520 (v.
1215 3439 1275 3520 40)
1299 3460 1397 3505 exon

162 3553 281 3608 natam
311 3542 481 3628 prodisse.
529 3544 714 3609 Praeterea
745 3542 961 3609 domicilium
992 3544 1145 3609 habebat
1167 3563 1279 3628 prope
1300 3564 1396 3610 scae-

162 3666 260 3724 nam,
290 3655 328 3710 ut
360 3643 442 3711 inde
473 3645 509 3710 in
540 3643 655 3730 ipsum
680 3645 856 3732 pulpitum
878 3647 1108 3731 egrederetur
1129 3666 1246 3730 neque
1269 3644 1397 3713 comite

163 3758 258 3816 esset
280 3769 381 3834 opus.

251 3884 406 3951 Tertiam
439 3884 592 3970 denique
622 3884 653 3952 si
683 3884 1002 3970 circumspicimus,
1037 3906 1129 3970 quae
1161 3895 1236 3950 erat
1258 3906 1322 3969 pro
1345 3881 1397 3948 hi·

162 3986 307 4068 strione,
331 3988 416 4053 mihi
439 3987 582 4073 quidem
605 4011 677 4055 non
700 3999 752 4055 est
775 3987 932 4067 dubium,
956 3986 1042 4072 quin
1061 3985 1166 4054 fuerit
1181 4009 1252 4053 non
1270 3984 1399 4053 Gensi-

161 4100 279 4171 strate,
312 4090 484 4175 cauponis
508 4091 647 4173 coniux,
678 4104 716 4159 ut
738 4089 851 4158 voluit
875 4089 1020 4156 Beerius
1034 4092 1096 4173 64),
1116 4091 1179 4156 sed
1203 4113 1291 4158 uxor
1306 4088 1397 4158 Smi-

164 4282 368 4289 ἡ*

231 4394 274 4464 aa)
293 4394 331 4451 cr
349 4395 366 4450 r
383 4396 401 4451 r
420 4416 446 4472 p.
466 4397 523 4456 104.

232 4496 278 4563 ar)
295 4496 362 4558 nrt
