3242 4867
688 154 902 236 ...38-

93 354 105 430 j
175 342 363 412 saltatione
386 345 598 414 delectatum
620 365 698 411 esse
713 342 1001 425 arbitrentur⁴1).
1049 344 1182 410 Verum
1198 354 1316 414 tamen
1332 364 1414 409 cum

178 447 248 514 illis
271 446 499 533 temporibus,
522 446 650 532 quibus
673 444 858 513 comoedia
881 456 934 514 est
949 455 1039 526 acta,
1062 445 1157 513 cives
1175 444 1415 514 Athenienses

175 548 319 618 summis
358 548 532 635 angustiis
572 559 828 635 premerentur,
867 570 930 634 per
965 570 1004 615 se
1033 569 1106 614 non
1137 548 1327 614 admodum
1360 558 1415 614 est

177 652 361 739 probabile
391 654 603 737 choragum,
645 650 707 737 qui
736 652 782 717 ad
813 650 1006 717 carminum
1037 650 1276 736 legitimorum
1305 648 1416 717 medi-⁴

176 755 344 822 tationem
372 765 533 841 sumptus
563 776 635 820 non
667 756 895 839 praebuerat,
926 755 1073 820 chorum
1095 751 1295 839 suscepisse
1318 752 1414 818 alen·

176 859 277 938 dum,
308 868 346 924 ut
374 857 595 924 saltationem
618 867 806 924 exerceret.
853 858 896 922 Et
919 855 1072 937 accedit,
1104 857 1201 942 quod
1225 854 1303 922 aliis
1326 877 1414 940 quo·

176 982 247 1047 que
269 960 305 1025 in
327 959 455 1027 fabulis
478 959 636 1026 eiusdem
661 957 785 1027 aetatis
808 980 866 1025 ars
888 957 1039 1025 saltandi
1062 959 1252 1024 admodum
1275 957 1416 1024 videtur

103 1116 105 1120 .
176 1064 339 1149 neglecta
369 1084 465 1143 esse,
499 1061 534 1127 id
565 1063 661 1147 quod
685 1060 845 1128 Platonis
875 1059 1001 1128 comici
1023 1062 1223 1147 fragmento
1246 1060 1331 1127 satis
1354 1061 1415 1127 de·

177 1166 347 1236 claratur:

286 1277 360 1349 ὥστ’
383 1278 487 1361 εἴτις
509 1276 633 1370 ὀρχοῖτ’
658 1273 700 1363 εὖ,
723 1275 831 1367 θέαμ’
856 1273 908 1370 ἦν·
930 1282 984 1347 νῦν
1007 1280 1044 1348 δὲ
1066 1282 1188 1370 δριῖισιν
1211 1275 1313 1362 οὐδέν,

286 1380 356 1452 ἀλλ’
380 1382 493 1473 ὥσπερ
516 1380 726 1473 ἀπόπληκτοι
749 1380 871 1471 στάδην
893 1380 1037 1462 ἑστῶτες
1059 1378 1218 1471 ὠρύονται
1231 1388 1293 1469 “).

264 1509 452 1574 Praeterea
475 1518 592 1573 autem
621 1506 715 1573 Pluti
738 1505 899 1573 versibus
922 1506 986 1588 316
1007 1529 1103 1592 sqq,
1136 1528 1226 1591 quos
1251 1508 1415 1591 Engerus

181 1611 226 1675 ad
248 1609 458 1677 sententiam
480 1632 580 1676 suam
603 1608 818 1675 fulciendam
842 1596 878 1673 in
901 1631 1003 1674 usum
1019 1608 1170 1688 vocavit,
1192 1630 1238 1674 ne
1254 1630 1415 1694 compro·

178 1712 255 1777 bari
278 1711 420 1799 quidem
443 1712 591 1794 videtur,
615 1713 711 1798 quod
734 1710 794 1779 ille
817 1711 930 1778 voluit
948 1711 1000 1779 eis
1015 1712 1301 1779 demonstratum.
1350 1713 1416 1778 Le·

112 1853 114 1856 ν
179 1814 296 1900 gimus
319 1814 412 1882 enim
435 1817 523 1882 haec
546 1813 707 1882 Carionis
730 1816 857 1882 verba:

390 1927 444 2017 ἀμ’
468 1926 521 1998 εἷα
543 1938 596 1999 νῖν
617 1938 682 1998 τῶν
704 1931 912 2018 σκωμμάτιον
934 1928 1176 2016 ἀπαλλαγέντες
1199 1928 1258 2019 ἤδη

384 2032 477 2121 ὑμεῖς
499 2030 556 2102 ἐπ’
583 2031 657 2101 ἀλλ’
681 2029 770 2114 εἶδος
792 2030 960 2119 aptatos,

385 2137 447 2223 ἐγὼ
470 2133 503 2205 δ’
528 2137 586 2206 ἰών
606 2136 666 2227 ἤδη
688 2137 800 2227 λάθρᾳ

383 2239 585 2331 βουλήσομαι
607 2246 665 2308 τοῦ
686 2241 851 2308 δεσπότου

384 2342 495 2429 λαβών
516 2339 580 2411 τιν)
605 2342 705 2432 άρτον
727 2345 783 2411 καὶ
806 2344 904 2432 κρέας

383 2445 576 2534 μασώμενος
598 2448 635 2513 τό
658 2448 776 2515 λοιπόν
800 2446 885 2515 οὕτω
908 2453 954 2535 τῷ
976 2446 1072 2533 κόπῳ
1097 2451 1247 2529 ξυνεῖναι.

180 2566 287 2635 Cario
319 2568 444 2654 igitur,
476 2582 663 2656 postquam
694 2564 894 2654 σκώμματα,
935 2593 1028 2656 quae
1059 2581 1162 2638 antea
1193 2593 1273 2636 cum
1303 2571 1415 2636 choro

179 2683 392 2753 exercuerat,
423 2673 468 2738 ad
491 2673 597 2738 finem
619 2682 701 2739 sunt
724 2674 904 2759 perducta,
937 2672 1005 2738 iam
1028 2674 1104 2739 vult
1126 2672 1225 2738 abire
1247 2682 1281 2738 et
1304 2670 1416 2757 quieti

179 2794 257 2840 sese
287 2775 380 2841 dare.
441 2775 599 2841 Chorum
633 2786 750 2841 autem
786 2775 883 2841 iubet
906 2768 964 2840 ἐπ’
997 2769 1066 2839 ἀλλ’
1097 2766 1188 2852 εἶδος
1216 2771 1413 2861 τρέπεσθαι.

181 2875 278 2960 Quid
300 2876 368 2942 sibi
390 2876 481 2943 vult:
505 2872 587 2940 άλλο
602 2867 713 2954 sirloc?
736 2878 812 2944 iure
829 2877 1074 2963 interrogabis.
1121 2879 1215 2945 Num
1232 2880 1414 2963 Engerum

178 2978 291 3046 secuti
321 2978 425 3045 aliam
447 2978 642 3046 saltationis
665 2981 816 3065 figuram
840 2979 1109 3066 intellegemus?
1155 2981 1203 3046 At
1226 2982 1293 3046 hae
1317 2981 1414 3065 apud

180 3083 338 3150 Graecos
361 3082 588 3149 nominantur
610 3078 767 3170 σχήματα,
790 3105 863 3149 non
885 3077 1027 3168 ai‘dq43).
1074 3085 1118 3149 Et
1141 3105 1247 3169 quam
1270 3084 1316 3149 ob
1333 3104 1415 3149 cau·

177 3208 251 3252 sam
279 3182 348 3252 alio
379 3185 530 3253 saltandi
562 3206 694 3271 genere
725 3196 800 3252 erat
830 3188 944 3272 opus?
998 3187 1127 3253 Nonne
1157 3186 1233 3253 eius
1262 3184 1313 3251 rei
1344 3184 1414 3250 iam

178 3287 262 3354 satis
293 3299 367 3354 erat
395 3290 544 3370 factum,
576 3299 614 3355 ut
642 3288 905 3375 requiescerent
928 3288 1117 3357 histriones
1143 3300 1178 3356 et
1201 3288 1415 3373 Chremylus

179 3400 261 3475 apte
292 3390 328 3454 in
357 3412 521 3456 scaenam
552 3401 670 3475 posset
701 3390 818 3458 statim
845 3391 1010 3477 prodire?
1055 3391 1143 3457 Mihi
1166 3391 1309 3478 quidem
1333 3413 1415 3456 cum

180 3513 346 3577 comparo
370 3515 400 3558 v.
426 3506 506 3575 557:
981 3501 984 3508 '

266 3606 432 3675 σκώπτειν
454 3612 554 3699 πειρᾷ
576 3610 631 3677 καὶ
653 3612 827 3699 κωμῳδεῖν
850 3617 907 3677 τοῦ
930 3610 1131 3693 σπουδάζειν
1153 3608 1327 3701 ἀμελήσας,

179 3731 289 3798 multo
320 3730 460 3797 videtur
490 3732 564 3798 veri
592 3732 742 3800 similius
773 3734 960 3800 choreutas
984 3732 1052 3800 illis
1076 3732 1193 3800 verbis
1216 3756 1237 3799 a
1260 3732 1416 3800 Carione

179 3832 409 3915 commoneri,
447 3844 484 3899 ut
517 3835 623 3921 nugis
655 3834 724 3902 illis
754 3835 823 3901 iam
854 3836 993 3903 omissis
1026 3836 1162 3903 animos
1196 3837 1242 3901 ad
1272 3836 1416 3902 fabulae

230 4076 291 4174 ’41)
311 4106 349 4161 cr.
366 4106 500 4177 sigerum
517 4109 545 4163 a
563 4108 656 4163 rnna.
672 4108 764 4179 prun
781 4109 832 4163 vor
850 4109 891 4176 aa,
909 4127 934 4180 p.
952 4109 1017 4175 aar,
1043 4109 1212 4165 amoturum
1237 4108 1253 4162 ι
1271 4108 1288 4162 1.
1305 4126 1331 4177 p.
1350 4109 1417 4173 σου

179 4191 349 4246 namnum
373 4192 390 4246 r
417 4192 434 4248 1.
451 4210 476 4262 p.
493 4194 551 4249 aaa

248 4294 292 4362 42)
311 4293 350 4349 Cf.
367 4295 462 4349 Athen.
480 4296 550 4361 XIV,
574 4296 663 4361 62803
689 4296 720 4351 cf.
738 4297 833 4352 Kockii
851 4299 971 4352 nominor.
988 4298 1069 4353 Attio.
1087 4298 1136 4368 srg.
1154 4298 1175 4363 I,
1200 4315 1225 4367 p.
1243 4296 1308 4362 6363
1332 4296 1364 4352 ei
1383 4297 1415 4352 A.

180 4378 337 4433 Muellerum
353 4380 370 4435 l
387 4379 404 4433 l.
421 4397 446 4449 p.
465 4381 522 4435 225.

249 4481 294 4554 43)
313 4481 351 4537 cf.
368 4483 447 4558 Vasp.
465 4499 488 4536 v.
509 4482 665 4552 148531‘20.
683 4501 722 4541 vv.
740 4484 791 4542 323
809 4502 848 4560 sq.
883 4485 951 4544 Vide
969 4486 1000 4544 Δ.
1016 4486 1175 4545 Muellerum
1193 4487 1210 4544 l.
1227 4486 1244 4541 l
1262 4503 1287 4561 p.
1305 4485 1363 4545 225.
