3242 4867
718 204 931 276 ,52-

207 372 310 459 saria,
333 374 499 465 quoniam
523 400 614 466 quae
635 388 738 446 antea
754 378 917 446 vestitum
933 377 1069 446 virilem
1087 376 1274 445 induerant
1289 374 1440 444 calceos·

208 502 278 566 que
291 479 558 567 subligaverant
574 480 680 567 ipsae,
705 492 799 548 certe
823 482 933 548 multo
956 480 1093 548 facilius
1117 503 1177 546 eas
1193 502 1248 546 res
1263 479 1342 546 sine
1359 478 1441 544 alia·

208 605 285 649 rum
307 582 438 649 auxilio
461 595 624 670 poterant
646 583 852 667 reicere⁹⁵l.
899 587 942 650 Et
972 606 1115 670 prorsus
1147 581 1367 669 repudianda
1390 592 1442 647 est

212 685 357 753 Velseni
379 708 546 753 versuum
569 688 633 769 508
656 698 691 753 et
713 702 778 772 509
800 686 1025 772 permutatim
1057 685 1210 771 itemque
1234 682 1445 752 Schneideri

209 788 425 869 coniectura,
456 793 575 875 quam
594 788 652 855 ille
685 789 739 855 vir
770 790 895 856 doctus
917 788 1113 856 sententiae
1135 810 1222 855 suae
1245 797 1283 852 ut
1304 787 1444 851 firmum

208 889 402 959 substruxit
422 893 699 959 fundamentum.
739 894 831 959 Nam
854 892 950 978 quod
974 890 1278 973 Schneiderus⁹⁶l
1300 898 1445 956 secutus

209 992 425 1077 Anzium⁹⁷l
447 992 485 1060 in
508 1016 551 1061 eo
574 994 737 1075 offendit,
770 996 867 1081 quod
899 993 1009 1061 calcei
1031 993 1086 1060 bis
1110 1003 1365 1071 memorentur,
1393 1012 1445 1057 re·

208 1095 357 1164 ticeatur
378 1098 499 1177 barba,
523 1095 673 1182 primum
697 1108 734 1162 ut
757 1096 884 1164 iustam
900 1096 1125 1164 coniecturae
1142 1118 1263 1162 ansam
1279 1097 1446 1172 habeant,

209 1196 277 1266 illis
310 1198 376 1264 erit
404 1197 716 1266 demonstrandum
750 1202 990 1285 Praxagoram
1023 1197 1163 1265 venisse
1191 1198 1236 1263 ad
1268 1195 1445 1275 mulieres

209 1322 301 1386 quae
331 1302 460 1368 barbas
492 1300 650 1367 nondum
673 1300 884 1369 abiecerant.
930 1302 1038 1386 Quod
1061 1300 1129 1367 illis
1152 1300 1211 1366 vix
1233 1302 1325 1366 bene
1348 1298 1445 1364 vide·

208 1413 265 1469 tur
287 1424 365 1469 esse
388 1425 578 1470 cessurum.
624 1403 763 1470 Etenim
788 1407 992 1491 Praxagora
1015 1403 1093 1490 ipsa
1115 1425 1187 1469 non
1211 1400 1344 1469 rettulit
1367 1403 1446 1466 bar·

212 1507 303 1585 bam,
328 1504 495 1591 quoniam
517 1504 548 1572 si
571 1505 717 1592 coniugi
740 1506 953 1574 occurrisset
975 1509 1131 1585 barbata,
1159 1505 1216 1571 vel
1238 1505 1383 1570 barbam
1409 1514 1449 1568 ut

209 1606 279 1674 alia
308 1606 516 1675 vestimenta
539 1606 653 1674 virilia
683 1609 854 1676 tenuisset
876 1608 1057 1689 manibuS,
1090 1622 1185 1676 certe
1209 1605 1380 1694 imprimis
1404 1628 1448 1672 ea

210 1710 255 1777 de
277 1731 315 1776 re
337 1709 403 1777 fuit
425 1708 476 1776 illi
498 1711 679 1778 reddenda
702 1711 801 1779 ratio.
833 1714 877 1778 Et
900 1714 1058 1798 profecto
1082 1711 1118 1777 in
1134 1713 1322 1777 barbarum
1346 1731 1446 1776 usur·

210 1812 353 1900 patione
381 1835 558 1880 summum
584 1813 732 1900 periculi
755 1827 830 1881 erat
853 1814 1023 1901 positum,
1056 1814 1092 1881 id
1115 1816 1212 1901 quod
1235 1836 1277 1880 ea
1300 1835 1337 1880 re
1360 1811 1446 1879 satis
1549 1855 1552 1857 v

210 1915 426 1996 declaratur,
457 1917 553 2002 quod
577 1917 781 2003 Praxagora
810 1916 887 2003 ipsa
918 1916 1080 2003 aliaeque
1103 1915 1267 1984 mulieres
1290 1938 1350 1982 eas
1374 1936 1446 1980 non

210 2015 308 2104 prius
344 2016 696 2104 circumligaverunt,
740 2041 847 2104 quam
884 2018 1097 2105 exigebatur
1141 2016 1350 2086 necessitate
1389 2017 1446 2098 (cl.

211 2143 268 2187 vv.
296 2123 354 2187 118
375 2144 463 2208 sqq,
487 2144 519 2186 v.
543 2123 619 2205 273)
633 2123 696 2205 l⁸).
742 2123 860 2206 Quam
890 2124 937 2188 ob
962 2145 1035 2190 rem
1059 2144 1202 2208 prorsus
1225 2131 1278 2188 est
1300 2141 1447 2187 consen-

211 2235 354 2292 taneum
377 2224 617 2309 Praxagoram
645 2246 751 2310 quam
774 2223 926 2310 primurn
949 2226 1095 2291 barbam
1118 2223 1299 2303 deiecisse,
1329 2243 1446 2308 neque

215 2326 287 2393 ulla
310 2335 362 2391 est
384 2347 501 2406 causa,
527 2348 590 2392 cur
605 2325 692 2393 alias
707 2326 872 2393 mulieres
895 2350 975 2394 cum
992 2326 1211 2394 Schneidero
1234 2337 1269 2392 et
1292 2325 1446 2391 Velseno

210 2438 403 2494 statuamus
426 2448 498 2494 non
520 2426 629 2495 fuisse
644 2427 740 2495 dicto
756 2427 950 2509 audientes,
973 2428 1034 2495 ubi
1050 2428 1203 2515 primum
1223 2427 1315 2495 idern
1331 2428 1446 2494 facere

211 2540 294 2596 sunt
316 2528 432 2596 iussae
454 2554 486 2596 v.
504 2544 577 2613 502.
623 2532 715 2597 Nam
738 2529 836 2617 ipsae
860 2554 1003 2618 quoque
1024 2530 1143 2598 barbis
1166 2530 1316 2598 maxime
1339 2550 1445 2614 ange-

213 2634 341 2700 bantur
364 2632 420 2715 (cf.
445 2656 500 2698 vv.
524 2652 590 2717 494
614 2635 691 2719 sq).

299 2736 417 2819 Quam
440 2737 582 2802 obrem
605 2735 769 2821 equidem
785 2737 946 2818 arbitror,
971 2740 1175 2823 Praxagora
1198 2760 1278 2804 cum
1296 2738 1445 2803 chorum

213 2837 453 2923 alloqueretur
473 2860 505 2903 v.
530 2851 607 2921 504,
631 2836 700 2904 iarn
723 2862 846 2907 omnes
868 2842 996 2907 barbas
1018 2839 1126 2907 fuisse
1149 2837 1315 2905 amentis
1338 2861 1447 2905 remo·
1484 2882 1487 2886 -

188 2949 276 3006 'tas
324 2941 511 3007 Praeterea
542 2951 659 3008 autem
692 2964 764 3009 non
794 2941 849 3009 bis
872 2953 1110 3008 memorantur
1133 2940 1243 3008 calcei
1267 2939 1446 3032 Laconici,

214 3052 253 3108 ut
275 3040 326 3108 illi
348 3041 491 3130 quidem
514 3044 719 3126 voluerunt,
751 3046 815 3112 sed
846 3047 953 3131 paulo
976 3042 1174 3111 accuratius
1197 3041 1484 3130 praescribitur·

196 3144 339 3232 modus
362 3146 574 3233 deponendi,
598 3157 637 3212 ut
659 3169 767 3233 supra
788 3146 993 3232 subligandi
1023 3167 1165 3232 quoque
1189 3145 1278 3212 ratio
1302 3156 1376 3212 erat
1398 3143 1448 3209 di·

212 3246 375 3315 stinctius
398 3247 552 3315 indicata
576 3249 632 3332 (cf.
649 3272 681 3314 v.
698 3265 780 3330 270:
804 3243 917 3335 ὥσπερ
943 3246 1001 3314 τὸν
1022 3241 1109 3333 ἄνδρ’
1127 3243 1265 3313 ἐθεᾶσθ’
1283 3243 1448 3324 ἑκάστοτε,

215 3374 246 3416 v.
264 3364 347 3433 554:
370 3345 652 3435 μεθυπεδησάμην
674 3349 858 3436 μιμουμένη
881 3372 936 3434 σε;
960 3352 1002 3417 cf.
1027 3374 1081 3416 vv.
1106 3366 1168 3432 277
1191 3373 1287 3437 sqq:
1310 3344 1449 3436 ᾄδουσαι

214 3448 315 3535 μέλος
337 3448 555 3540 πρεσβυτικόν
575 3475 617 3533 τι,
648 3452 704 3518 τὸν
729 3449 855 3535 τρόπον
876 3450 1071 3539 μιμούμεναι
1097 3451 1154 3518 τὸν
1175 3453 1239 3518 τῶν
1261 3446 1447 3538 ἀγροίκων).

283 3670 329 3740 95)
345 3670 423 3738 Quod
446 3687 505 3727 oum
528 3672 723 3744 intellegerent,
747 3673 904 3745 Blaydeaiua
929 3676 1010 3744 atque
1028 3674 1159 3730 Valsenua
1176 3673 1269 3729 verba:
1294 3674 1339 3727 καὶ
1364 3673 1451 3738 μέντοι

217 3754 250 3809 σύ
275 3756 321 3823 μὲν
345 3755 441 3817 ταύτας
465 3758 644 3824 κατευτρέπιζε
668 3758 704 3815 ad
727 3759 905 3832 coryphaeum
927 3761 1061 3830 pertinere
1087 3765 1252 3816 censuerunt
1287 3760 1387 3815 Varum
1406 3761 1451 3815 rix

216 3840 376 3897 credendum
399 3845 441 3897 est
466 3844 614 3915 coryphaao
632 3848 695 3916 apta
712 3845 831 3917 potuisse
848 3845 979 3917 imperari,
1004 3849 1035 3901 ut
1058 3847 1104 3902 illa
1127 3847 1185 3918 ipae
1203 3846 1389 3902 chorautarum
1405 3863 1452 3901 ra-

216 3927 292 3984 rtltui
309 3928 490 3998 componendo
509 3932 653 3986 extremam
669 3947 777 3987 manum
794 3932 949 4003 imponeret

283 4014 328 4083 96)
346 4013 385 4071 Gi
401 4014 495 4070 Annal
512 4015 603 4085 philol
620 4017 672 4071 rol
690 4017 740 4073 113
757 4035 782 4089 p.
800 4017 841 4074 33.

283 4099 327 4169 97)
347 4097 382 4156 ef
402 4116 571 4171 programma
586 4101 811 4160 Rudolatadr'auao
829 4121 852 4159 a
871 4103 937 4159 1871
955 4121 980 4174 p.
998 4103 1039 4160 28.

284 4184 329 4253 98)
348 4184 426 4251 Quod
442 4203 465 4241 v.
484 4186 519 4242 94
543 4202 635 4242 omnes
659 4187 695 4243 ad
716 4205 798 4245 unum
822 4189 938 4245 aditores
962 4192 1135 4260 postrorum
1153 4188 1453 4258 tattiuterpuuxarunt,

216 4286 271 4326 nou
288 4273 361 4326 recta
377 4270 443 4326 mihi
459 4272 584 4327 ridentur
600 4271 701 4338 loaisae,
719 4274 844 4344 quoniam
861 4274 985 4330 mulieres
1001 4274 1081 4344 paulo
1100 4274 1209 4329 inferius
1227 4275 1260 4342 (r.
1277 4273 1339 4342 273)
1357 4273 1453 4328 eodem

216 4355 276 4410 1000
292 4355 417 4411 iubentur
433 4355 531 4412 barbas
549 4358 738 4428 circumligare,
763 4376 818 4415 nou
841 4358 946 4414 demum
968 4361 997 4415 in
1016 4361 1139 4416 contione
1156 4360 1222 4431 ipsa
1256 4360 1453 4430 Interpungan·

218 4439 281 4496 dam
297 4442 341 4495 eat
356 4441 445 4511 potius
462 4444 526 4512 post
542 4442 651 4496 verbum
669 4442 896 4514 περιδησόμεσθα,
921 4447 952 4500 ut
975 4445 1107 4517 particula
1125 4445 1183 4501 ἐκεῖ
1195 4446 1374 4516 coniungatur
1391 4460 1454 4502 cum

218 4524 306 4582 vorbis
323 4524 532 4597 insequentibus.
