3242 4867
682 135 898 200 ..40-

167 309 298 375 factum
326 305 500 373 evincitur
530 305 585 374 his
616 304 751 386 verbis,
782 305 844 392 qui
874 317 956 375 sunt
984 307 1178 394 coryphaei
1201 307 1237 375 in
1259 309 1405 376 fabulae

168 409 284 478 exitu:

418 509 451 577 τὶ
474 510 555 599 δῆτα
577 508 757 600 διατρίβεις
778 508 871 594 ἔχων,
893 505 962 577 ἀλλ’
986 506 1045 578 ota
1068 507 1157 596 όγεις

416 612 514 679 τασδὶ
536 610 660 696 lodoin
682 613 717 681 ἐν
739 611 807 701 όοιμ
829 613 867 681 δὲ
889 613 1185 698 καταβαίνεις,
1208 612 1271 700 ε’γιό

418 714 588 805 ἐπᾴσομαι
617 716 718 803 μέλος
749 743 782 784 τι
802 715 1076 800 μελλοδειπνικόν
1098 721 1167 802 (vv.
1195 735 1280 804 1150
1300 722 1404 807 sqq.).
1467 779 1474 790 .

255 841 377 927 Itaque
413 842 538 908 eodem
567 842 640 907 fere
670 842 776 907 modo
807 862 846 908 se
878 843 984 908 habet
1013 864 1069 908 res
1099 852 1205 927 atque
1236 840 1273 907 in
1304 841 1404 927 Lysi·

168 945 351 1026 strata⁶⁰),
374 965 466 1029 quae
488 943 619 1023 fabula,
643 954 681 1009 ut
703 953 756 1010 est
778 941 916 1009 initium
933 942 1256 1011 Ecclesiazusarum
1278 943 1405 1025 simile,

168 1045 299 1112 exitum
338 1067 480 1131 quoque
520 1047 627 1113 habet
663 1068 735 1112 non
766 1045 930 1112 alienum.
993 1047 1196 1113 Choreutae
1228 1045 1338 1133 igitur
1369 1047 1406 1113 in

168 1160 311 1215 nostrae
349 1149 553 1216 comoediae
592 1160 691 1234 parte
721 1148 915 1235 posteriore
945 1172 1010 1236 pro
1039 1148 1199 1236 personis
1231 1150 1336 1217 mutis
1368 1149 1405 1216 in

168 1273 298 1318 scaeua
320 1250 475 1319 adfuisse
497 1250 674 1319 statuendi
696 1263 779 1318 sunt
792 1254 863 1335 ⁶¹),
892 1264 931 1319 ut
953 1252 1058 1320 etiam
1080 1275 1175 1319 nunc
1198 1251 1235 1318 in
1258 1252 1405 1320 theatris

168 1355 224 1422 vel
248 1353 378 1421 civium
400 1355 456 1421 vel
479 1354 628 1421 militum
650 1366 809 1423 catervas
826 1355 1075 1423 consuevimus
1090 1367 1260 1441 spectare.
1299 1357 1404 1440 Quae

168 1480 252 1525 vero
276 1458 523 1524 choreutarum
551 1459 666 1525 fuerat
688 1457 889 1545 provincia,
920 1469 1044 1526 cantus
1067 1457 1251 1539 nimirum,
1283 1460 1404 1544 quoad

170 1560 245 1627 eius
274 1558 350 1627 fieri
379 1571 534 1646 poterat,
566 1560 602 1627 in
632 1561 773 1628 fabulae
807 1573 907 1649 parte
929 1562 1124 1649 posteriore
1147 1563 1192 1628 ad
1214 1560 1405 1629 histriones

169 1674 222 1731 est
252 1664 383 1744 delata,
414 1664 476 1750 qui
508 1663 590 1731 inde
620 1688 641 1731 a
664 1688 696 1731 v.
720 1667 782 1750 893
805 1664 950 1733 tibicine
974 1664 1133 1732 adhibito
1156 1665 1226 1747 (vv.
1250 1667 1309 1750 891
1337 1667 1405 1751 sq.)

171 1766 315 1834 alternis
338 1766 523 1835 cantilenis
546 1769 717 1855 populum
740 1768 1079 1852 delectaverunt⁵²).

256 1872 359 1955 Quae
388 1893 469 1937 cum
499 1870 547 1937 ita
577 1870 665 1953 sint,
696 1882 734 1938 ut
764 1882 1032 1957 argumentum,
1062 1870 1110 1938 ita
1141 1870 1246 1938 etiam
1273 1873 1405 1939 chorus

170 1973 492 2041 Ecclesiazusarum
522 1972 559 2040 in
591 1974 707 2042 medio
737 1985 790 2042 est
822 1974 958 2061 positus
991 1974 1082 2043 inter
1104 1975 1271 2061 antiquae
1294 1985 1329 2041 et
1352 1996 1404 2040 re·

169 2076 335 2144 centioris
365 2076 570 2145 comoediae
601 2078 903 2146 consuetudinem.
957 2079 1049 2145 Nam
1080 2101 1153 2145 non
1184 2079 1289 2164 plane
1313 2075 1404 2144 desi·

170 2182 333 2247 deramus
363 2192 521 2262 cantum,
551 2202 668 2267 neque
699 2180 843 2247 omnino
874 2182 973 2248 deest
994 2180 1134 2248 saltatio
1157 2182 1406 2248 choreutarum

171 2283 319 2369 pristino
349 2305 447 2351 more
477 2282 644 2351 instituta.
690 2282 830 2351 Etenim
857 2306 999 2351 carmen
1023 2283 1110 2350 illud
1132 2277 1407 2365 μελλοδειπνικόν

171 2386 207 2452 in
236 2388 306 2453 fine
337 2387 478 2453 fabulae
511 2385 664 2473 positum
694 2408 772 2454 esse
801 2408 883 2454 cum
905 2389 1154 2454 choreutarum
1176 2384 1363 2453 saltatione
1386 2408 1407 2450 a

172 2491 373 2575 coryphaeo
396 2488 661 2576 pronuntiatum
683 2511 726 2556 ex
749 2488 885 2556 verbis:
910 2491 1082 2575 Κρητικῶς
1096 2480 1153 2551 οὖν
1173 2485 1220 2553 τιό
1244 2483 1329 2552 πόδε
1350 2484 1408 2552 καὶ

172 2590 211 2655 οδ
232 2588 314 2658 κίνει
343 2593 418 2661 iure
449 2592 595 2679 collegit
616 2591 861 2679 Westphalius
874 2593 937 2674 ⁶³).
984 2594 1027 2658 Et
1055 2590 1086 2658 si
1108 2613 1192 2658 vera
1215 2601 1268 2658 est
1290 2591 1406 2657 Cobe-

171 2694 273 2779 niv)
305 2695 509 2763 coniectura
541 2718 605 2781 pro
638 2694 766 2761 tradita
788 2693 941 2762 lectione
962 2690 1175 2759 δπανακινεῖν
1205 2693 1242 2759 in
1264 2717 1296 2759 v.
1324 2692 1404 2775 1165

172 2798 415 2866 substituentis
436 2794 664 2877 ὑπαποκινεῖν,
694 2809 800 2885 poeta
826 2799 895 2865 hoc
917 2800 1027 2865 verbo
1049 2799 1198 2865 fortasse
1220 2794 1338 2863 allusit
1360 2796 1407 2861 ad

172 2912 303 2967 certam
333 2902 511 2987 quandam
539 2899 691 2968 saltandi
721 2898 951 2987 speciem⁶⁶).
998 2901 1089 2967 Nam
1113 2891 1274 2963 ἀπόκινον
1296 2896 1407 2965 fuisse

171 3003 411 3087 saltationem,
439 2992 477 3089 ἢν
506 3001 563 3068 καὶ
592 3002 717 3068 πολλαὶ
746 2994 906 3083 ὠρχοῦντο
929 3006 1077 3086 γυναῖκες
1099 3000 1198 3069 testis
1220 3012 1273 3070 est
1296 3002 1406 3068 Athe·

240 3265 284 3332 50)
302 3262 340 3319 cf.
357 3281 397 3318 vv.
416 3263 482 3318 1216
500 3278 556 3331 sqq.
585 3263 613 3314 et
629 3264 769 3330 praeterea
785 3258 909 3313 Beerium
926 3258 943 3312 1
960 3258 978 3313 1
996 3276 1021 3329 p.
1038 3258 1086 3323 94;
1110 3257 1338 3313 Schoenbornium
1356 3231 1372 3311 1
1390 3258 1408 3312 l.

190 3391 196 3403 .
214 3349 263 3404 301
281 3367 294 3402 s
313 3391 320 3403 .

96 3492 101 3495 <
171 3368 189 3420 p
241 3452 284 3520 51)
295 3365 378 3516 qVide,
402 3468 470 3521 quae
488 3449 521 3505 de
540 3448 697 3519 quibusdam
715 3448 836 3520 personis
853 3448 934 3502 mutis
952 3447 979 3501 in
996 3446 1096 3501 Avibus
1114 3445 1237 3501 admissis
1254 3445 1362 3516 exposui
1379 3444 1409 3499 in

173 3537 441 3594 commentationibus
458 3535 646 3591 Ribbeckiania
664 3553 688 3605 p.
707 3535 758 3591 518
777 3551 816 3604 aq.

241 3640 285 3708 52)
302 3640 345 3695 Ne
366 3656 471 3695 cannen
489 3640 597 3710 quidem
613 3638 680 3695 illud
699 3636 900 3706 μελλοδειπνικόν
919 3654 935 3691 a
951 3640 1010 3692 toto
1029 3637 1116 3701 choro,
1141 3635 1189 3691 sed
1210 3634 1243 3690 ab
1261 3650 1314 3689 uno
1332 3650 1409 3705 eorv-

171 3727 257 3798 phaeo
282 3729 417 3782 cantatum
441 3744 499 3781 esso
526 3728 598 3781 reete
622 3727 774 3780 statuerunt
797 3724 928 3794 Berglu'us
952 3723 979 3777 in
1004 3722 1111 3778 edition
1132 3721 1242 3792 praefat.
1259 3739 1283 3792 p.
1301 3720 1408 3785 xxm;

171 3814 326 3869 Amoldtius
343 3812 359 3866 l.
377 3812 393 3866 1
411 3828 437 3881 p.
457 3813 520 3876 107,
547 3811 578 3866 ot
595 3829 621 3882 p.
640 3810 703 3875 1243
729 3809 867 3865 Volcanus.
884 3810 963 3865 Errat
979 3809 1087 3864 Mnffius
1104 3809 1133 3863 in
1150 3807 1226 3874 libro,
1250 3807 1295 3877 qni
1313 3809 1356 3861 est
1372 3806 1408 3861 de

171 3899 387 3970 pronuntiatione
404 3898 519 3968 partium
538 3896 633 3952 chorio.
649 3894 783 3966 Aristoph
801 3913 825 3965 p.
844 3896 884 3960 25,
901 3913 925 3965 p.
946 3896 1001 3950 174

240 4001 283 4071 53)
302 4000 340 4056 ot
364 4000 398 4056 de
419 4000 575 4055 romanica
599 4000 643 4054 11·
662 4017 686 4070 p.
704 3997 762 4054 384.
796 3997 962 4069 Adstipulad
985 4001 1048 4052 snut
1065 3996 1180 4063 Muffins,
1198 3995 1230 4051 cl.
1247 3996 1264 4049 1
1281 3995 1297 4050 1
1315 4013 1340 4066 p.
1358 3995 1407 4061 25;

172 4087 343 4153 Zielinslu'ns‚
368 4086 398 4141 cf.
421 4086 438 4140 l.
456 4086 472 4140 l.
492 4103 516 4156 p.
536 4085 597 4150 190,
623 4085 682 4140 adn.
702 4086 731 4149 1;
756 4084 786 4139 h
804 4084 930 4149 Mueller,
948 4083 1012 4138 511
1030 4083 1047 4138 1
1064 4100 1088 4153 p.
1106 4083 1164 4148 224,
1182 4082 1235 4137 alii

242 4189 285 4257 54)
304 4188 343 4245 (tl.
359 4190 487 4244 Mnemon.
513 4187 564 4242 vol.
588 4188 629 4252 Π,
652 4204 676 4257 p.
701 4186 759 4240 220.
795 4186 963 4256 Receperunt
988 4203 1046 4241 eam
1064 4185 1243 4241 oomeotnram
1259 4184 1407 4239 Meinekins

171 4274 335 4343 Blaydesius,
352 4274 489 4330 Valsenus.
524 4274 565 4329 Ile
583 4273 640 4343 ipso
658 4271 739 4327 verbo
758 4268 920 4326 ὑπαποκινεῖν
938 4271 969 4327 ct
987 4272 1033 4327 Av.
1052 4288 1075 4326 v.
1095 4272 1169 4338 1011,
1187 4270 1290 4326 'l'hesnu
1308 4286 1332 4325 v.
1348 4269 1407 4335 924,

172 4359 238 4429 Equ.
255 4376 278 4414 v.
296 4360 335 4415 20.

242 4462 286 4536 55)
303 4463 342 4520 cf.
360 4465 531 4522 Zielinskium
547 4464 564 4518 l.
582 4463 599 4516 l.
616 4478 641 4535 p.
661 4459 710 4515 190
728 4459 787 4515 adn.
807 4461 829 4513 1.
